%YAML 1.1
%TAG !u! tag:unity3d.com,2011:
--- !u!29 &1
OcclusionCullingSettings:
  m_ObjectHideFlags: 0
  serializedVersion: 2
  m_OcclusionBakeSettings:
    smallestOccluder: 5
    smallestHole: 0.25
    backfaceThreshold: 100
  m_SceneGUID: 00000000000000000000000000000000
  m_OcclusionCullingData: {fileID: 0}
--- !u!104 &2
RenderSettings:
  m_ObjectHideFlags: 0
  serializedVersion: 8
  m_Fog: 0
  m_FogColor: {r: 0.5, g: 0.5, b: 0.5, a: 1}
  m_FogMode: 3
  m_FogDensity: 0.01
  m_LinearFogStart: 0
  m_LinearFogEnd: 300
  m_AmbientSkyColor: {r: 0.212, g: 0.227, b: 0.259, a: 1}
  m_AmbientEquatorColor: {r: 0.114, g: 0.125, b: 0.133, a: 1}
  m_AmbientGroundColor: {r: 0.047, g: 0.043, b: 0.035, a: 1}
  m_AmbientIntensity: 1
  m_AmbientMode: 0
  m_SubtractiveShadowColor: {r: 0.42, g: 0.478, b: 0.627, a: 1}
  m_SkyboxMaterial: {fileID: 10304, guid: 0000000000000000f000000000000000, type: 0}
  m_HaloStrength: 0.5
  m_FlareStrength: 1
  m_FlareFadeSpeed: 3
  m_HaloTexture: {fileID: 0}
  m_SpotCookie: {fileID: 10001, guid: 0000000000000000e000000000000000, type: 0}
  m_DefaultReflectionMode: 0
  m_DefaultReflectionResolution: 128
  m_ReflectionBounces: 1
  m_ReflectionIntensity: 1
  m_CustomReflection: {fileID: 0}
  m_Sun: {fileID: 0}
  m_IndirectSpecularColor: {r: 0.44657898, g: 0.4964133, b: 0.5748178, a: 1}
--- !u!157 &3
LightmapSettings:
  m_ObjectHideFlags: 0
  serializedVersion: 11
  m_GIWorkflowMode: 0
  m_GISettings:
    serializedVersion: 2
    m_BounceScale: 1
    m_IndirectOutputScale: 1
    m_AlbedoBoost: 1
    m_TemporalCoherenceThreshold: 1
    m_EnvironmentLightingMode: 0
    m_EnableBakedLightmaps: 1
    m_EnableRealtimeLightmaps: 1
  m_LightmapEditorSettings:
    serializedVersion: 9
    m_Resolution: 2
    m_BakeResolution: 40
    m_TextureWidth: 1024
    m_TextureHeight: 1024
    m_AO: 0
    m_AOMaxDistance: 1
    m_CompAOExponent: 1
    m_CompAOExponentDirect: 0
    m_Padding: 2
    m_LightmapParameters: {fileID: 0}
    m_LightmapsBakeMode: 1
    m_TextureCompression: 1
    m_FinalGather: 0
    m_FinalGatherFiltering: 1
    m_FinalGatherRayCount: 256
    m_ReflectionCompression: 2
    m_MixedBakeMode: 2
    m_BakeBackend: 0
    m_PVRSampling: 1
    m_PVRDirectSampleCount: 32
    m_PVRSampleCount: 500
    m_PVRBounces: 2
    m_PVRFilterTypeDirect: 0
    m_PVRFilterTypeIndirect: 0
    m_PVRFilterTypeAO: 0
    m_PVRFilteringMode: 1
    m_PVRCulling: 1
    m_PVRFilteringGaussRadiusDirect: 1
    m_PVRFilteringGaussRadiusIndirect: 5
    m_PVRFilteringGaussRadiusAO: 2
    m_PVRFilteringAtrousPositionSigmaDirect: 0.5
    m_PVRFilteringAtrousPositionSigmaIndirect: 2
    m_PVRFilteringAtrousPositionSigmaAO: 1
    m_ShowResolutionOverlay: 1
  m_LightingDataAsset: {fileID: 0}
  m_UseShadowmask: 1
--- !u!196 &4
NavMeshSettings:
  serializedVersion: 2
  m_ObjectHideFlags: 0
  m_BuildSettings:
    serializedVersion: 2
    agentTypeID: 0
    agentRadius: 0.5
    agentHeight: 2
    agentSlope: 45
    agentClimb: 0.4
    ledgeDropHeight: 0
    maxJumpAcrossDistance: 0
    minRegionArea: 2
    manualCellSize: 0
    cellSize: 0.16666667
    manualTileSize: 0
    tileSize: 256
    accuratePlacement: 0
    debug:
      m_Flags: 0
  m_NavMeshData: {fileID: 0}
--- !u!1 &124066582
GameObject:
  m_ObjectHideFlags: 0
  m_PrefabParentObject: {fileID: 1590870426412428, guid: 1d0c5ce08378b954e82601be8332a533,
    type: 2}
  m_PrefabInternal: {fileID: 0}
  serializedVersion: 5
  m_Component:
  - component: {fileID: 124066583}
  m_Layer: 0
  m_Name: Sockets
  m_TagString: Untagged
  m_Icon: {fileID: 0}
  m_NavMeshLayer: 0
  m_StaticEditorFlags: 0
  m_IsActive: 1
--- !u!4 &124066583
Transform:
  m_ObjectHideFlags: 0
  m_PrefabParentObject: {fileID: 4743569914218340, guid: 1d0c5ce08378b954e82601be8332a533,
    type: 2}
  m_PrefabInternal: {fileID: 0}
  m_GameObject: {fileID: 124066582}
  m_LocalRotation: {x: 0, y: 0, z: 0, w: 1}
  m_LocalPosition: {x: 0, y: -0.61, z: 0}
  m_LocalScale: {x: 1, y: 1, z: 1}
  m_Children:
  - {fileID: 539831235}
  - {fileID: 1905852531}
  - {fileID: 693318190}
  - {fileID: 1318545719}
  - {fileID: 1864882244}
  - {fileID: 968631761}
  - {fileID: 372122025}
  - {fileID: 1668828477}
  - {fileID: 2075508484}
  - {fileID: 1663433551}
  - {fileID: 1761482190}
  - {fileID: 1967857960}
  m_Father: {fileID: 0}
  m_RootOrder: 6
  m_LocalEulerAnglesHint: {x: 0, y: 0, z: 0}
--- !u!1 &318726790
GameObject:
  m_ObjectHideFlags: 0
  m_PrefabParentObject: {fileID: 0}
  m_PrefabInternal: {fileID: 0}
  serializedVersion: 5
  m_Component:
  - component: {fileID: 318726794}
  - component: {fileID: 318726791}
  - component: {fileID: 318726793}
  - component: {fileID: 318726792}
  m_Layer: 0
  m_Name: Main Camera
  m_TagString: MainCamera
  m_Icon: {fileID: 0}
  m_NavMeshLayer: 0
  m_StaticEditorFlags: 0
  m_IsActive: 1
--- !u!20 &318726791
Camera:
  m_ObjectHideFlags: 0
  m_PrefabParentObject: {fileID: 0}
  m_PrefabInternal: {fileID: 0}
  m_GameObject: {fileID: 318726790}
  m_Enabled: 1
  serializedVersion: 2
  m_ClearFlags: 2
  m_BackGroundColor: {r: 0.19215687, g: 0.3019608, b: 0.4745098, a: 0}
  m_NormalizedViewPortRect:
    serializedVersion: 2
    x: 0
    y: 0
    width: 1
    height: 1
  near clip plane: 0.3
  far clip plane: 1000
  field of view: 60
  orthographic: 1
  orthographic size: 5
  m_Depth: -1
  m_CullingMask:
    serializedVersion: 2
    m_Bits: 4294967295
  m_RenderingPath: -1
  m_TargetTexture: {fileID: 0}
  m_TargetDisplay: 0
  m_TargetEye: 3
  m_HDR: 1
  m_AllowMSAA: 1
  m_AllowDynamicResolution: 0
  m_ForceIntoRT: 0
  m_OcclusionCulling: 1
  m_StereoConvergence: 10
  m_StereoSeparation: 0.022
--- !u!81 &318726792
AudioListener:
  m_ObjectHideFlags: 0
  m_PrefabParentObject: {fileID: 0}
  m_PrefabInternal: {fileID: 0}
  m_GameObject: {fileID: 318726790}
  m_Enabled: 1
--- !u!124 &318726793
Behaviour:
  m_ObjectHideFlags: 0
  m_PrefabParentObject: {fileID: 0}
  m_PrefabInternal: {fileID: 0}
  m_GameObject: {fileID: 318726790}
  m_Enabled: 1
--- !u!4 &318726794
Transform:
  m_ObjectHideFlags: 0
  m_PrefabParentObject: {fileID: 0}
  m_PrefabInternal: {fileID: 0}
  m_GameObject: {fileID: 318726790}
  m_LocalRotation: {x: 0, y: 0, z: 0, w: 1}
  m_LocalPosition: {x: 0, y: 1, z: -10}
  m_LocalScale: {x: 1, y: 1, z: 1}
  m_Children: []
  m_Father: {fileID: 0}
  m_RootOrder: 1
  m_LocalEulerAnglesHint: {x: 0, y: 0, z: 0}
--- !u!1 &372122024
GameObject:
  m_ObjectHideFlags: 0
  m_PrefabParentObject: {fileID: 1158679929743864, guid: 1d0c5ce08378b954e82601be8332a533,
    type: 2}
  m_PrefabInternal: {fileID: 0}
  serializedVersion: 5
  m_Component:
  - component: {fileID: 372122025}
  - component: {fileID: 372122028}
  - component: {fileID: 372122027}
  - component: {fileID: 372122026}
  m_Layer: 0
  m_Name: Socket_SI (1)
  m_TagString: SI
  m_Icon: {fileID: 0}
  m_NavMeshLayer: 0
  m_StaticEditorFlags: 0
  m_IsActive: 1
--- !u!4 &372122025
Transform:
  m_ObjectHideFlags: 0
  m_PrefabParentObject: {fileID: 4876894160308490, guid: 1d0c5ce08378b954e82601be8332a533,
    type: 2}
  m_PrefabInternal: {fileID: 0}
  m_GameObject: {fileID: 372122024}
  m_LocalRotation: {x: -0, y: -0, z: -0, w: 1}
  m_LocalPosition: {x: -2, y: 2.62, z: 0}
  m_LocalScale: {x: 0.39999998, y: 0.39999998, z: 0.39999998}
  m_Children: []
  m_Father: {fileID: 124066583}
  m_RootOrder: 6
  m_LocalEulerAnglesHint: {x: 0, y: 0, z: 0}
--- !u!212 &372122026
SpriteRenderer:
  m_ObjectHideFlags: 0
  m_PrefabParentObject: {fileID: 212624097930339468, guid: 1d0c5ce08378b954e82601be8332a533,
    type: 2}
  m_PrefabInternal: {fileID: 0}
  m_GameObject: {fileID: 372122024}
  m_Enabled: 1
  m_CastShadows: 0
  m_ReceiveShadows: 0
  m_DynamicOccludee: 1
  m_MotionVectors: 1
  m_LightProbeUsage: 1
  m_ReflectionProbeUsage: 1
  m_Materials:
  - {fileID: 10754, guid: 0000000000000000f000000000000000, type: 0}
  m_StaticBatchInfo:
    firstSubMesh: 0
    subMeshCount: 0
  m_StaticBatchRoot: {fileID: 0}
  m_ProbeAnchor: {fileID: 0}
  m_LightProbeVolumeOverride: {fileID: 0}
  m_ScaleInLightmap: 1
  m_PreserveUVs: 0
  m_IgnoreNormalsForChartDetection: 0
  m_ImportantGI: 0
  m_StitchLightmapSeams: 0
  m_SelectedEditorRenderState: 0
  m_MinimumChartSize: 4
  m_AutoUVMaxDistance: 0.5
  m_AutoUVMaxAngle: 89
  m_LightmapParameters: {fileID: 0}
  m_SortingLayerID: 0
  m_SortingLayer: 0
  m_SortingOrder: 2
  m_Sprite: {fileID: 21300012, guid: 802f3378dad170d46a21cf6a95e18f63, type: 3}
  m_Color: {r: 1, g: 1, b: 1, a: 1}
  m_FlipX: 0
  m_FlipY: 0
  m_DrawMode: 0
  m_Size: {x: 0.2, y: 0.2}
  m_AdaptiveModeThreshold: 0.5
  m_SpriteTileMode: 0
  m_WasSpriteAssigned: 1
  m_MaskInteraction: 0
--- !u!65 &372122027
BoxCollider:
  m_ObjectHideFlags: 0
  m_PrefabParentObject: {fileID: 65100533270219360, guid: 1d0c5ce08378b954e82601be8332a533,
    type: 2}
  m_PrefabInternal: {fileID: 0}
  m_GameObject: {fileID: 372122024}
  m_Material: {fileID: 0}
  m_IsTrigger: 0
  m_Enabled: 1
  serializedVersion: 2
  m_Size: {x: 0.2, y: 0.2, z: 1}
  m_Center: {x: 0, y: 0, z: 0}
--- !u!114 &372122028
MonoBehaviour:
  m_ObjectHideFlags: 0
  m_PrefabParentObject: {fileID: 114332586950477620, guid: 1d0c5ce08378b954e82601be8332a533,
    type: 2}
  m_PrefabInternal: {fileID: 0}
  m_GameObject: {fileID: 372122024}
  m_Enabled: 1
  m_EditorHideFlags: 0
  m_Script: {fileID: 11500000, guid: 81dc59f6c0b97664fb9fbfbc79a4e02f, type: 3}
  m_Name: 
  m_EditorClassIdentifier: 
  _bird: {fileID: 0}
  ActiveBird: 0
--- !u!1001 &451662018
Prefab:
  m_ObjectHideFlags: 0
  serializedVersion: 2
  m_Modification:
    m_TransformParent: {fileID: 0}
    m_Modifications:
    - target: {fileID: 224841689314703636, guid: 19a26ea9b37fe07499e6fe73c28f92aa,
        type: 2}
      propertyPath: m_LocalPosition.x
      value: 0
      objectReference: {fileID: 0}
    - target: {fileID: 224841689314703636, guid: 19a26ea9b37fe07499e6fe73c28f92aa,
        type: 2}
      propertyPath: m_LocalPosition.y
      value: 0
      objectReference: {fileID: 0}
    - target: {fileID: 224841689314703636, guid: 19a26ea9b37fe07499e6fe73c28f92aa,
        type: 2}
      propertyPath: m_LocalPosition.z
      value: 0
      objectReference: {fileID: 0}
    - target: {fileID: 224841689314703636, guid: 19a26ea9b37fe07499e6fe73c28f92aa,
        type: 2}
      propertyPath: m_LocalRotation.x
      value: 0
      objectReference: {fileID: 0}
    - target: {fileID: 224841689314703636, guid: 19a26ea9b37fe07499e6fe73c28f92aa,
        type: 2}
      propertyPath: m_LocalRotation.y
      value: 0
      objectReference: {fileID: 0}
    - target: {fileID: 224841689314703636, guid: 19a26ea9b37fe07499e6fe73c28f92aa,
        type: 2}
      propertyPath: m_LocalRotation.z
      value: 0
      objectReference: {fileID: 0}
    - target: {fileID: 224841689314703636, guid: 19a26ea9b37fe07499e6fe73c28f92aa,
        type: 2}
      propertyPath: m_LocalRotation.w
      value: 1
      objectReference: {fileID: 0}
    - target: {fileID: 224841689314703636, guid: 19a26ea9b37fe07499e6fe73c28f92aa,
        type: 2}
      propertyPath: m_RootOrder
      value: 7
      objectReference: {fileID: 0}
    - target: {fileID: 224841689314703636, guid: 19a26ea9b37fe07499e6fe73c28f92aa,
        type: 2}
      propertyPath: m_AnchoredPosition.x
      value: 0
      objectReference: {fileID: 0}
    - target: {fileID: 224841689314703636, guid: 19a26ea9b37fe07499e6fe73c28f92aa,
        type: 2}
      propertyPath: m_AnchoredPosition.y
      value: 0
      objectReference: {fileID: 0}
    - target: {fileID: 224841689314703636, guid: 19a26ea9b37fe07499e6fe73c28f92aa,
        type: 2}
      propertyPath: m_SizeDelta.x
      value: 0
      objectReference: {fileID: 0}
    - target: {fileID: 224841689314703636, guid: 19a26ea9b37fe07499e6fe73c28f92aa,
        type: 2}
      propertyPath: m_SizeDelta.y
      value: 0
      objectReference: {fileID: 0}
    - target: {fileID: 224841689314703636, guid: 19a26ea9b37fe07499e6fe73c28f92aa,
        type: 2}
      propertyPath: m_AnchorMin.x
      value: 0
      objectReference: {fileID: 0}
    - target: {fileID: 224841689314703636, guid: 19a26ea9b37fe07499e6fe73c28f92aa,
        type: 2}
      propertyPath: m_AnchorMin.y
      value: 0
      objectReference: {fileID: 0}
    - target: {fileID: 224841689314703636, guid: 19a26ea9b37fe07499e6fe73c28f92aa,
        type: 2}
      propertyPath: m_AnchorMax.x
      value: 0
      objectReference: {fileID: 0}
    - target: {fileID: 224841689314703636, guid: 19a26ea9b37fe07499e6fe73c28f92aa,
        type: 2}
      propertyPath: m_AnchorMax.y
      value: 0
      objectReference: {fileID: 0}
    - target: {fileID: 224841689314703636, guid: 19a26ea9b37fe07499e6fe73c28f92aa,
        type: 2}
      propertyPath: m_Pivot.x
      value: 0
      objectReference: {fileID: 0}
    - target: {fileID: 224841689314703636, guid: 19a26ea9b37fe07499e6fe73c28f92aa,
        type: 2}
      propertyPath: m_Pivot.y
      value: 0
      objectReference: {fileID: 0}
    - target: {fileID: 223108561968532126, guid: 19a26ea9b37fe07499e6fe73c28f92aa,
        type: 2}
      propertyPath: m_Camera
      value: 
      objectReference: {fileID: 318726791}
    - target: {fileID: 1315773166850818, guid: 19a26ea9b37fe07499e6fe73c28f92aa, type: 2}
      propertyPath: m_Name
      value: Canvas (1)
      objectReference: {fileID: 0}
    - target: {fileID: 114579739775911316, guid: 19a26ea9b37fe07499e6fe73c28f92aa,
        type: 2}
      propertyPath: m_Text
      value: 
      objectReference: {fileID: 0}
    m_RemovedComponents: []
  m_ParentPrefab: {fileID: 100100000, guid: 19a26ea9b37fe07499e6fe73c28f92aa, type: 2}
  m_IsPrefabParent: 0
--- !u!1001 &526177492
Prefab:
  m_ObjectHideFlags: 0
  serializedVersion: 2
  m_Modification:
    m_TransformParent: {fileID: 0}
    m_Modifications:
    - target: {fileID: 4209910847117236, guid: 8373b66c4b3f1f74bba083b60a75c499, type: 2}
      propertyPath: m_LocalPosition.x
      value: -1.0806832
      objectReference: {fileID: 0}
    - target: {fileID: 4209910847117236, guid: 8373b66c4b3f1f74bba083b60a75c499, type: 2}
      propertyPath: m_LocalPosition.y
      value: 1.5394391
      objectReference: {fileID: 0}
    - target: {fileID: 4209910847117236, guid: 8373b66c4b3f1f74bba083b60a75c499, type: 2}
      propertyPath: m_LocalPosition.z
      value: -0.09931567
      objectReference: {fileID: 0}
    - target: {fileID: 4209910847117236, guid: 8373b66c4b3f1f74bba083b60a75c499, type: 2}
      propertyPath: m_LocalRotation.x
      value: 0
      objectReference: {fileID: 0}
    - target: {fileID: 4209910847117236, guid: 8373b66c4b3f1f74bba083b60a75c499, type: 2}
      propertyPath: m_LocalRotation.y
      value: 0
      objectReference: {fileID: 0}
    - target: {fileID: 4209910847117236, guid: 8373b66c4b3f1f74bba083b60a75c499, type: 2}
      propertyPath: m_LocalRotation.z
      value: 0
      objectReference: {fileID: 0}
    - target: {fileID: 4209910847117236, guid: 8373b66c4b3f1f74bba083b60a75c499, type: 2}
      propertyPath: m_LocalRotation.w
      value: 1
      objectReference: {fileID: 0}
    - target: {fileID: 4209910847117236, guid: 8373b66c4b3f1f74bba083b60a75c499, type: 2}
      propertyPath: m_RootOrder
      value: 8
      objectReference: {fileID: 0}
    m_RemovedComponents: []
  m_ParentPrefab: {fileID: 100100000, guid: 8373b66c4b3f1f74bba083b60a75c499, type: 2}
  m_IsPrefabParent: 0
--- !u!1 &539831234
GameObject:
  m_ObjectHideFlags: 0
  m_PrefabParentObject: {fileID: 1055432656562662, guid: 1d0c5ce08378b954e82601be8332a533,
    type: 2}
  m_PrefabInternal: {fileID: 0}
  serializedVersion: 5
  m_Component:
  - component: {fileID: 539831235}
  - component: {fileID: 539831238}
  - component: {fileID: 539831237}
  - component: {fileID: 539831236}
  m_Layer: 0
  m_Name: Socket_RE
  m_TagString: RE
  m_Icon: {fileID: 0}
  m_NavMeshLayer: 0
  m_StaticEditorFlags: 0
  m_IsActive: 1
--- !u!4 &539831235
Transform:
  m_ObjectHideFlags: 0
  m_PrefabParentObject: {fileID: 4356374761105816, guid: 1d0c5ce08378b954e82601be8332a533,
    type: 2}
  m_PrefabInternal: {fileID: 0}
  m_GameObject: {fileID: 539831234}
  m_LocalRotation: {x: -0, y: -0, z: -0, w: 1}
  m_LocalPosition: {x: -4, y: -0.15, z: 0}
  m_LocalScale: {x: 0.35, y: 0.35, z: 1}
  m_Children: []
  m_Father: {fileID: 124066583}
  m_RootOrder: 0
  m_LocalEulerAnglesHint: {x: 0, y: 0, z: 0}
--- !u!212 &539831236
SpriteRenderer:
  m_ObjectHideFlags: 0
  m_PrefabParentObject: {fileID: 212595809334293962, guid: 1d0c5ce08378b954e82601be8332a533,
    type: 2}
  m_PrefabInternal: {fileID: 0}
  m_GameObject: {fileID: 539831234}
  m_Enabled: 1
  m_CastShadows: 0
  m_ReceiveShadows: 0
  m_DynamicOccludee: 1
  m_MotionVectors: 1
  m_LightProbeUsage: 1
  m_ReflectionProbeUsage: 1
  m_Materials:
  - {fileID: 10754, guid: 0000000000000000f000000000000000, type: 0}
  m_StaticBatchInfo:
    firstSubMesh: 0
    subMeshCount: 0
  m_StaticBatchRoot: {fileID: 0}
  m_ProbeAnchor: {fileID: 0}
  m_LightProbeVolumeOverride: {fileID: 0}
  m_ScaleInLightmap: 1
  m_PreserveUVs: 0
  m_IgnoreNormalsForChartDetection: 0
  m_ImportantGI: 0
  m_StitchLightmapSeams: 0
  m_SelectedEditorRenderState: 0
  m_MinimumChartSize: 4
  m_AutoUVMaxDistance: 0.5
  m_AutoUVMaxAngle: 89
  m_LightmapParameters: {fileID: 0}
  m_SortingLayerID: 0
  m_SortingLayer: 0
  m_SortingOrder: 2
  m_Sprite: {fileID: 21300002, guid: 802f3378dad170d46a21cf6a95e18f63, type: 3}
  m_Color: {r: 1, g: 1, b: 1, a: 1}
  m_FlipX: 0
  m_FlipY: 0
  m_DrawMode: 0
  m_Size: {x: 0.2, y: 0.2}
  m_AdaptiveModeThreshold: 0.5
  m_SpriteTileMode: 0
  m_WasSpriteAssigned: 1
  m_MaskInteraction: 0
--- !u!65 &539831237
BoxCollider:
  m_ObjectHideFlags: 0
  m_PrefabParentObject: {fileID: 65099856261601980, guid: 1d0c5ce08378b954e82601be8332a533,
    type: 2}
  m_PrefabInternal: {fileID: 0}
  m_GameObject: {fileID: 539831234}
  m_Material: {fileID: 0}
  m_IsTrigger: 0
  m_Enabled: 1
  serializedVersion: 2
  m_Size: {x: 0.2, y: 0.2, z: 1}
  m_Center: {x: 0, y: 0, z: 0}
--- !u!114 &539831238
MonoBehaviour:
  m_ObjectHideFlags: 0
  m_PrefabParentObject: {fileID: 114289870485016398, guid: 1d0c5ce08378b954e82601be8332a533,
    type: 2}
  m_PrefabInternal: {fileID: 0}
  m_GameObject: {fileID: 539831234}
  m_Enabled: 1
  m_EditorHideFlags: 0
  m_Script: {fileID: 11500000, guid: 81dc59f6c0b97664fb9fbfbc79a4e02f, type: 3}
  m_Name: 
  m_EditorClassIdentifier: 
  _bird: {fileID: 0}
  ActiveBird: 0
--- !u!1 &612615068
GameObject:
  m_ObjectHideFlags: 0
  m_PrefabParentObject: {fileID: 1313486245021406, guid: 19a26ea9b37fe07499e6fe73c28f92aa,
    type: 2}
  m_PrefabInternal: {fileID: 0}
  serializedVersion: 5
  m_Component:
  - component: {fileID: 612615069}
  - component: {fileID: 612615071}
  - component: {fileID: 612615070}
  m_Layer: 5
  m_Name: Text
  m_TagString: Untagged
  m_Icon: {fileID: 0}
  m_NavMeshLayer: 0
  m_StaticEditorFlags: 0
  m_IsActive: 1
--- !u!224 &612615069
RectTransform:
  m_ObjectHideFlags: 0
  m_PrefabParentObject: {fileID: 224109568411587186, guid: 19a26ea9b37fe07499e6fe73c28f92aa,
    type: 2}
  m_PrefabInternal: {fileID: 0}
  m_GameObject: {fileID: 612615068}
  m_LocalRotation: {x: 0, y: 0, z: 0, w: 1}
  m_LocalPosition: {x: 0, y: 0, z: 0}
  m_LocalScale: {x: 1, y: 1, z: 1}
  m_Children: []
  m_Father: {fileID: 1292693066}
  m_RootOrder: 0
  m_LocalEulerAnglesHint: {x: 0, y: 0, z: 0}
  m_AnchorMin: {x: 0, y: 0}
  m_AnchorMax: {x: 1, y: 1}
  m_AnchoredPosition: {x: 0, y: 0}
  m_SizeDelta: {x: 0, y: 0}
  m_Pivot: {x: 0.5, y: 0.5}
--- !u!114 &612615070
MonoBehaviour:
  m_ObjectHideFlags: 0
  m_PrefabParentObject: {fileID: 114216711608918678, guid: 19a26ea9b37fe07499e6fe73c28f92aa,
    type: 2}
  m_PrefabInternal: {fileID: 0}
  m_GameObject: {fileID: 612615068}
  m_Enabled: 1
  m_EditorHideFlags: 0
  m_Script: {fileID: 708705254, guid: f70555f144d8491a825f0804e09c671c, type: 3}
  m_Name: 
  m_EditorClassIdentifier: 
  m_Material: {fileID: 0}
  m_Color: {r: 1, g: 0.9637605, b: 0.9117647, a: 1}
  m_RaycastTarget: 1
  m_OnCullStateChanged:
    m_PersistentCalls:
      m_Calls: []
    m_TypeName: UnityEngine.UI.MaskableGraphic+CullStateChangedEvent, UnityEngine.UI,
      Version=1.0.0.0, Culture=neutral, PublicKeyToken=null
  m_FontData:
    m_Font: {fileID: 12800000, guid: f602d662c102f0b4d85a36f8f0e46462, type: 3}
    m_FontSize: 52
    m_FontStyle: 0
    m_BestFit: 0
    m_MinSize: 10
    m_MaxSize: 64
    m_Alignment: 4
    m_AlignByGeometry: 0
    m_RichText: 1
    m_HorizontalOverflow: 0
    m_VerticalOverflow: 0
    m_LineSpacing: 1
  m_Text: 'Quit

'
--- !u!222 &612615071
CanvasRenderer:
  m_ObjectHideFlags: 0
  m_PrefabParentObject: {fileID: 222716974292671548, guid: 19a26ea9b37fe07499e6fe73c28f92aa,
    type: 2}
  m_PrefabInternal: {fileID: 0}
  m_GameObject: {fileID: 612615068}
--- !u!1 &676773126
GameObject:
  m_ObjectHideFlags: 0
  m_PrefabParentObject: {fileID: 0}
  m_PrefabInternal: {fileID: 0}
  serializedVersion: 5
  m_Component:
  - component: {fileID: 676773128}
  - component: {fileID: 676773127}
  m_Layer: 0
  m_Name: Directional Light
  m_TagString: Untagged
  m_Icon: {fileID: 0}
  m_NavMeshLayer: 0
  m_StaticEditorFlags: 0
  m_IsActive: 1
--- !u!108 &676773127
Light:
  m_ObjectHideFlags: 0
  m_PrefabParentObject: {fileID: 0}
  m_PrefabInternal: {fileID: 0}
  m_GameObject: {fileID: 676773126}
  m_Enabled: 1
  serializedVersion: 8
  m_Type: 1
  m_Color: {r: 1, g: 0.95686275, b: 0.8392157, a: 1}
  m_Intensity: 1
  m_Range: 10
  m_SpotAngle: 30
  m_CookieSize: 10
  m_Shadows:
    m_Type: 2
    m_Resolution: -1
    m_CustomResolution: -1
    m_Strength: 1
    m_Bias: 0.05
    m_NormalBias: 0.4
    m_NearPlane: 0.2
  m_Cookie: {fileID: 0}
  m_DrawHalo: 0
  m_Flare: {fileID: 0}
  m_RenderMode: 0
  m_CullingMask:
    serializedVersion: 2
    m_Bits: 4294967295
  m_Lightmapping: 4
  m_AreaSize: {x: 1, y: 1}
  m_BounceIntensity: 1
  m_ColorTemperature: 6570
  m_UseColorTemperature: 0
  m_ShadowRadius: 0
  m_ShadowAngle: 0
--- !u!4 &676773128
Transform:
  m_ObjectHideFlags: 0
  m_PrefabParentObject: {fileID: 0}
  m_PrefabInternal: {fileID: 0}
  m_GameObject: {fileID: 676773126}
  m_LocalRotation: {x: 0.40821788, y: -0.23456968, z: 0.10938163, w: 0.8754261}
  m_LocalPosition: {x: 0, y: 3, z: 0}
  m_LocalScale: {x: 1, y: 1, z: 1}
  m_Children: []
  m_Father: {fileID: 0}
  m_RootOrder: 2
  m_LocalEulerAnglesHint: {x: 50, y: -30, z: 0}
--- !u!1 &693318189
GameObject:
  m_ObjectHideFlags: 0
  m_PrefabParentObject: {fileID: 1930363668214568, guid: 1d0c5ce08378b954e82601be8332a533,
    type: 2}
  m_PrefabInternal: {fileID: 0}
  serializedVersion: 5
  m_Component:
  - component: {fileID: 693318190}
  - component: {fileID: 693318193}
  - component: {fileID: 693318192}
  - component: {fileID: 693318191}
  m_Layer: 0
  m_Name: Socket_SOL
  m_TagString: SOL
  m_Icon: {fileID: 0}
  m_NavMeshLayer: 0
  m_StaticEditorFlags: 0
  m_IsActive: 1
--- !u!4 &693318190
Transform:
  m_ObjectHideFlags: 0
  m_PrefabParentObject: {fileID: 4065287088541450, guid: 1d0c5ce08378b954e82601be8332a533,
    type: 2}
  m_PrefabInternal: {fileID: 0}
  m_GameObject: {fileID: 693318189}
  m_LocalRotation: {x: -0, y: -0, z: -0, w: 1}
  m_LocalPosition: {x: -3, y: 1.5, z: 0}
  m_LocalScale: {x: 0.4, y: 0.4, z: 1}
  m_Children: []
  m_Father: {fileID: 124066583}
  m_RootOrder: 2
  m_LocalEulerAnglesHint: {x: 0, y: 0, z: 0}
--- !u!212 &693318191
SpriteRenderer:
  m_ObjectHideFlags: 0
  m_PrefabParentObject: {fileID: 212301278395494898, guid: 1d0c5ce08378b954e82601be8332a533,
    type: 2}
  m_PrefabInternal: {fileID: 0}
  m_GameObject: {fileID: 693318189}
  m_Enabled: 1
  m_CastShadows: 0
  m_ReceiveShadows: 0
  m_DynamicOccludee: 1
  m_MotionVectors: 1
  m_LightProbeUsage: 1
  m_ReflectionProbeUsage: 1
  m_Materials:
  - {fileID: 10754, guid: 0000000000000000f000000000000000, type: 0}
  m_StaticBatchInfo:
    firstSubMesh: 0
    subMeshCount: 0
  m_StaticBatchRoot: {fileID: 0}
  m_ProbeAnchor: {fileID: 0}
  m_LightProbeVolumeOverride: {fileID: 0}
  m_ScaleInLightmap: 1
  m_PreserveUVs: 0
  m_IgnoreNormalsForChartDetection: 0
  m_ImportantGI: 0
  m_StitchLightmapSeams: 0
  m_SelectedEditorRenderState: 0
  m_MinimumChartSize: 4
  m_AutoUVMaxDistance: 0.5
  m_AutoUVMaxAngle: 89
  m_LightmapParameters: {fileID: 0}
  m_SortingLayerID: 0
  m_SortingLayer: 0
  m_SortingOrder: 2
  m_Sprite: {fileID: 21300008, guid: 802f3378dad170d46a21cf6a95e18f63, type: 3}
  m_Color: {r: 1, g: 1, b: 1, a: 1}
  m_FlipX: 0
  m_FlipY: 0
  m_DrawMode: 0
  m_Size: {x: 0.2, y: 0.2}
  m_AdaptiveModeThreshold: 0.5
  m_SpriteTileMode: 0
  m_WasSpriteAssigned: 1
  m_MaskInteraction: 0
--- !u!65 &693318192
BoxCollider:
  m_ObjectHideFlags: 0
  m_PrefabParentObject: {fileID: 65942199236017990, guid: 1d0c5ce08378b954e82601be8332a533,
    type: 2}
  m_PrefabInternal: {fileID: 0}
  m_GameObject: {fileID: 693318189}
  m_Material: {fileID: 0}
  m_IsTrigger: 0
  m_Enabled: 1
  serializedVersion: 2
  m_Size: {x: 0.2, y: 0.2, z: 1}
  m_Center: {x: 0, y: 0, z: 0}
--- !u!114 &693318193
MonoBehaviour:
  m_ObjectHideFlags: 0
  m_PrefabParentObject: {fileID: 114344079282812674, guid: 1d0c5ce08378b954e82601be8332a533,
    type: 2}
  m_PrefabInternal: {fileID: 0}
  m_GameObject: {fileID: 693318189}
  m_Enabled: 1
  m_EditorHideFlags: 0
  m_Script: {fileID: 11500000, guid: 81dc59f6c0b97664fb9fbfbc79a4e02f, type: 3}
  m_Name: 
  m_EditorClassIdentifier: 
  _bird: {fileID: 0}
  ActiveBird: 0
--- !u!1 &968631760
GameObject:
  m_ObjectHideFlags: 0
  m_PrefabParentObject: {fileID: 1614019637383614, guid: 1d0c5ce08378b954e82601be8332a533,
    type: 2}
  m_PrefabInternal: {fileID: 0}
  serializedVersion: 5
  m_Component:
  - component: {fileID: 968631761}
  - component: {fileID: 968631764}
  - component: {fileID: 968631763}
  - component: {fileID: 968631762}
  m_Layer: 0
  m_Name: Socket_DOHigh
  m_TagString: DOHigh
  m_Icon: {fileID: 0}
  m_NavMeshLayer: 0
  m_StaticEditorFlags: 0
  m_IsActive: 1
--- !u!4 &968631761
Transform:
  m_ObjectHideFlags: 0
  m_PrefabParentObject: {fileID: 4210004135666248, guid: 1d0c5ce08378b954e82601be8332a533,
    type: 2}
  m_PrefabInternal: {fileID: 0}
  m_GameObject: {fileID: 968631760}
  m_LocalRotation: {x: -0, y: -0, z: -0, w: 1}
  m_LocalPosition: {x: -1, y: 3.13, z: 0}
  m_LocalScale: {x: 0.4, y: 0.4, z: 1}
  m_Children: []
  m_Father: {fileID: 124066583}
  m_RootOrder: 5
  m_LocalEulerAnglesHint: {x: 0, y: 0, z: 0}
--- !u!212 &968631762
SpriteRenderer:
  m_ObjectHideFlags: 0
  m_PrefabParentObject: {fileID: 212455395748032792, guid: 1d0c5ce08378b954e82601be8332a533,
    type: 2}
  m_PrefabInternal: {fileID: 0}
  m_GameObject: {fileID: 968631760}
  m_Enabled: 1
  m_CastShadows: 0
  m_ReceiveShadows: 0
  m_DynamicOccludee: 1
  m_MotionVectors: 1
  m_LightProbeUsage: 1
  m_ReflectionProbeUsage: 1
  m_Materials:
  - {fileID: 10754, guid: 0000000000000000f000000000000000, type: 0}
  m_StaticBatchInfo:
    firstSubMesh: 0
    subMeshCount: 0
  m_StaticBatchRoot: {fileID: 0}
  m_ProbeAnchor: {fileID: 0}
  m_LightProbeVolumeOverride: {fileID: 0}
  m_ScaleInLightmap: 1
  m_PreserveUVs: 0
  m_IgnoreNormalsForChartDetection: 0
  m_ImportantGI: 0
  m_StitchLightmapSeams: 0
  m_SelectedEditorRenderState: 0
  m_MinimumChartSize: 4
  m_AutoUVMaxDistance: 0.5
  m_AutoUVMaxAngle: 89
  m_LightmapParameters: {fileID: 0}
  m_SortingLayerID: 0
  m_SortingLayer: 0
  m_SortingOrder: 2
  m_Sprite: {fileID: 21300014, guid: 802f3378dad170d46a21cf6a95e18f63, type: 3}
  m_Color: {r: 1, g: 1, b: 1, a: 1}
  m_FlipX: 0
  m_FlipY: 0
  m_DrawMode: 0
  m_Size: {x: 0.2, y: 0.2}
  m_AdaptiveModeThreshold: 0.5
  m_SpriteTileMode: 0
  m_WasSpriteAssigned: 1
  m_MaskInteraction: 0
--- !u!65 &968631763
BoxCollider:
  m_ObjectHideFlags: 0
  m_PrefabParentObject: {fileID: 65516855364680032, guid: 1d0c5ce08378b954e82601be8332a533,
    type: 2}
  m_PrefabInternal: {fileID: 0}
  m_GameObject: {fileID: 968631760}
  m_Material: {fileID: 0}
  m_IsTrigger: 0
  m_Enabled: 1
  serializedVersion: 2
  m_Size: {x: 0.2, y: 0.2, z: 1}
  m_Center: {x: 0, y: 0, z: 0}
--- !u!114 &968631764
MonoBehaviour:
  m_ObjectHideFlags: 0
  m_PrefabParentObject: {fileID: 114152479819620004, guid: 1d0c5ce08378b954e82601be8332a533,
    type: 2}
  m_PrefabInternal: {fileID: 0}
  m_GameObject: {fileID: 968631760}
  m_Enabled: 1
  m_EditorHideFlags: 0
  m_Script: {fileID: 11500000, guid: 81dc59f6c0b97664fb9fbfbc79a4e02f, type: 3}
  m_Name: 
  m_EditorClassIdentifier: 
  _bird: {fileID: 0}
  ActiveBird: 0
--- !u!1 &1038201889
GameObject:
  m_ObjectHideFlags: 0
  m_PrefabParentObject: {fileID: 0}
  m_PrefabInternal: {fileID: 0}
  serializedVersion: 5
  m_Component:
  - component: {fileID: 1038201891}
  - component: {fileID: 1038201890}
  m_Layer: 0
  m_Name: Player
  m_TagString: Untagged
  m_Icon: {fileID: 0}
  m_NavMeshLayer: 0
  m_StaticEditorFlags: 0
  m_IsActive: 1
--- !u!114 &1038201890
MonoBehaviour:
  m_ObjectHideFlags: 0
  m_PrefabParentObject: {fileID: 0}
  m_PrefabInternal: {fileID: 0}
  m_GameObject: {fileID: 1038201889}
  m_Enabled: 1
  m_EditorHideFlags: 0
  m_Script: {fileID: 11500000, guid: 832d73303fe6dcf4284286f19a188526, type: 3}
  m_Name: 
  m_EditorClassIdentifier: 
  ContinueButton: {fileID: 1690872616}
  _sockets: []
  _placeDist: 0.5
--- !u!4 &1038201891
Transform:
  m_ObjectHideFlags: 0
  m_PrefabParentObject: {fileID: 0}
  m_PrefabInternal: {fileID: 0}
  m_GameObject: {fileID: 1038201889}
  m_LocalRotation: {x: 0, y: 0, z: 0, w: 1}
  m_LocalPosition: {x: 0, y: 0, z: 0}
  m_LocalScale: {x: 1, y: 1, z: 1}
  m_Children: []
  m_Father: {fileID: 0}
  m_RootOrder: 3
  m_LocalEulerAnglesHint: {x: 0, y: 0, z: 0}
--- !u!1 &1047784370
GameObject:
  m_ObjectHideFlags: 0
  m_PrefabParentObject: {fileID: 0}
  m_PrefabInternal: {fileID: 0}
  serializedVersion: 5
  m_Component:
  - component: {fileID: 1047784375}
  - component: {fileID: 1047784374}
  - component: {fileID: 1047784373}
  - component: {fileID: 1047784372}
  - component: {fileID: 1047784371}
  m_Layer: 5
  m_Name: Canvas
  m_TagString: Untagged
  m_Icon: {fileID: 0}
  m_NavMeshLayer: 0
  m_StaticEditorFlags: 0
  m_IsActive: 1
--- !u!114 &1047784371
MonoBehaviour:
  m_ObjectHideFlags: 0
  m_PrefabParentObject: {fileID: 0}
  m_PrefabInternal: {fileID: 0}
  m_GameObject: {fileID: 1047784370}
  m_Enabled: 1
  m_EditorHideFlags: 0
  m_Script: {fileID: 11500000, guid: 4b21e40b55c51b24aa5c18546fffca81, type: 3}
  m_Name: 
  m_EditorClassIdentifier: 
--- !u!114 &1047784372
MonoBehaviour:
  m_ObjectHideFlags: 0
  m_PrefabParentObject: {fileID: 0}
  m_PrefabInternal: {fileID: 0}
  m_GameObject: {fileID: 1047784370}
  m_Enabled: 1
  m_EditorHideFlags: 0
  m_Script: {fileID: 1301386320, guid: f70555f144d8491a825f0804e09c671c, type: 3}
  m_Name: 
  m_EditorClassIdentifier: 
  m_IgnoreReversedGraphics: 1
  m_BlockingObjects: 0
  m_BlockingMask:
    serializedVersion: 2
    m_Bits: 4294967295
--- !u!114 &1047784373
MonoBehaviour:
  m_ObjectHideFlags: 0
  m_PrefabParentObject: {fileID: 0}
  m_PrefabInternal: {fileID: 0}
  m_GameObject: {fileID: 1047784370}
  m_Enabled: 1
  m_EditorHideFlags: 0
  m_Script: {fileID: 1980459831, guid: f70555f144d8491a825f0804e09c671c, type: 3}
  m_Name: 
  m_EditorClassIdentifier: 
  m_UiScaleMode: 0
  m_ReferencePixelsPerUnit: 100
  m_ScaleFactor: 1
  m_ReferenceResolution: {x: 800, y: 600}
  m_ScreenMatchMode: 0
  m_MatchWidthOrHeight: 0
  m_PhysicalUnit: 3
  m_FallbackScreenDPI: 96
  m_DefaultSpriteDPI: 96
  m_DynamicPixelsPerUnit: 1
--- !u!223 &1047784374
Canvas:
  m_ObjectHideFlags: 0
  m_PrefabParentObject: {fileID: 0}
  m_PrefabInternal: {fileID: 0}
  m_GameObject: {fileID: 1047784370}
  m_Enabled: 1
  serializedVersion: 3
  m_RenderMode: 2
  m_Camera: {fileID: 0}
  m_PlaneDistance: 100
  m_PixelPerfect: 0
  m_ReceivesEvents: 1
  m_OverrideSorting: 0
  m_OverridePixelPerfect: 0
  m_SortingBucketNormalizedSize: 0
  m_AdditionalShaderChannelsFlag: 0
  m_SortingLayerID: 0
  m_SortingOrder: 10
  m_TargetDisplay: 0
--- !u!224 &1047784375
RectTransform:
  m_ObjectHideFlags: 0
  m_PrefabParentObject: {fileID: 0}
  m_PrefabInternal: {fileID: 0}
  m_GameObject: {fileID: 1047784370}
  m_LocalRotation: {x: 0, y: 0, z: 0, w: 1}
  m_LocalPosition: {x: 0, y: 0, z: 0}
  m_LocalScale: {x: 1, y: 1, z: 1}
  m_Children:
  - {fileID: 1292693066}
  m_Father: {fileID: 0}
  m_RootOrder: 12
  m_LocalEulerAnglesHint: {x: 0, y: 0, z: 0}
  m_AnchorMin: {x: 0, y: 0}
  m_AnchorMax: {x: 0, y: 0}
  m_AnchoredPosition: {x: 446.5, y: 279}
  m_SizeDelta: {x: 893, y: 558}
  m_Pivot: {x: 0.5, y: 0.5}
--- !u!1 &1292693065
GameObject:
  m_ObjectHideFlags: 0
  m_PrefabParentObject: {fileID: 1003203186957500, guid: 19a26ea9b37fe07499e6fe73c28f92aa,
    type: 2}
  m_PrefabInternal: {fileID: 0}
  serializedVersion: 5
  m_Component:
  - component: {fileID: 1292693066}
  - component: {fileID: 1292693069}
  - component: {fileID: 1292693068}
  - component: {fileID: 1292693067}
  m_Layer: 5
  m_Name: Reset
  m_TagString: Untagged
  m_Icon: {fileID: 0}
  m_NavMeshLayer: 0
  m_StaticEditorFlags: 0
  m_IsActive: 1
--- !u!224 &1292693066
RectTransform:
  m_ObjectHideFlags: 0
  m_PrefabParentObject: {fileID: 224976768958554714, guid: 19a26ea9b37fe07499e6fe73c28f92aa,
    type: 2}
  m_PrefabInternal: {fileID: 0}
  m_GameObject: {fileID: 1292693065}
  m_LocalRotation: {x: -0, y: -0, z: -0, w: 1}
  m_LocalPosition: {x: 0, y: 0, z: 89.77778}
  m_LocalScale: {x: 0.00926, y: 0.00926, z: 0.00926}
  m_Children:
  - {fileID: 612615069}
  m_Father: {fileID: 1047784375}
  m_RootOrder: 0
  m_LocalEulerAnglesHint: {x: 0, y: 0, z: 0}
  m_AnchorMin: {x: 0.5, y: 0.5}
  m_AnchorMax: {x: 0.5, y: 0.5}
  m_AnchoredPosition: {x: -452.94, y: -273.38}
  m_SizeDelta: {x: 320, y: 60}
  m_Pivot: {x: 0.5, y: 0.5}
--- !u!114 &1292693067
MonoBehaviour:
  m_ObjectHideFlags: 0
  m_PrefabParentObject: {fileID: 114319367252757572, guid: 19a26ea9b37fe07499e6fe73c28f92aa,
    type: 2}
  m_PrefabInternal: {fileID: 0}
  m_GameObject: {fileID: 1292693065}
  m_Enabled: 1
  m_EditorHideFlags: 0
  m_Script: {fileID: 1392445389, guid: f70555f144d8491a825f0804e09c671c, type: 3}
  m_Name: 
  m_EditorClassIdentifier: 
  m_Navigation:
    m_Mode: 3
    m_SelectOnUp: {fileID: 0}
    m_SelectOnDown: {fileID: 0}
    m_SelectOnLeft: {fileID: 0}
    m_SelectOnRight: {fileID: 0}
  m_Transition: 1
  m_Colors:
    m_NormalColor: {r: 1, g: 1, b: 1, a: 1}
    m_HighlightedColor: {r: 0.9607843, g: 0.9607843, b: 0.9607843, a: 1}
    m_PressedColor: {r: 0.78431374, g: 0.78431374, b: 0.78431374, a: 1}
    m_DisabledColor: {r: 0.78431374, g: 0.78431374, b: 0.78431374, a: 0.5019608}
    m_ColorMultiplier: 1
    m_FadeDuration: 0.1
  m_SpriteState:
    m_HighlightedSprite: {fileID: 0}
    m_PressedSprite: {fileID: 0}
    m_DisabledSprite: {fileID: 0}
  m_AnimationTriggers:
    m_NormalTrigger: Normal
    m_HighlightedTrigger: Highlighted
    m_PressedTrigger: Pressed
    m_DisabledTrigger: Disabled
  m_Interactable: 1
  m_TargetGraphic: {fileID: 1292693068}
  m_OnClick:
    m_PersistentCalls:
      m_Calls:
      - m_Target: {fileID: 1047784371}
        m_MethodName: ResetGame
        m_Mode: 1
        m_Arguments:
          m_ObjectArgument: {fileID: 0}
          m_ObjectArgumentAssemblyTypeName: UnityEngine.Object, UnityEngine
          m_IntArgument: 0
          m_FloatArgument: 0
          m_StringArgument: 
          m_BoolArgument: 0
        m_CallState: 2
    m_TypeName: UnityEngine.UI.Button+ButtonClickedEvent, UnityEngine.UI, Version=1.0.0.0,
      Culture=neutral, PublicKeyToken=null
--- !u!114 &1292693068
MonoBehaviour:
  m_ObjectHideFlags: 0
  m_PrefabParentObject: {fileID: 114191103778417476, guid: 19a26ea9b37fe07499e6fe73c28f92aa,
    type: 2}
  m_PrefabInternal: {fileID: 0}
  m_GameObject: {fileID: 1292693065}
  m_Enabled: 1
  m_EditorHideFlags: 0
  m_Script: {fileID: -765806418, guid: f70555f144d8491a825f0804e09c671c, type: 3}
  m_Name: 
  m_EditorClassIdentifier: 
  m_Material: {fileID: 0}
  m_Color: {r: 1, g: 0, b: 0, a: 1}
  m_RaycastTarget: 1
  m_OnCullStateChanged:
    m_PersistentCalls:
      m_Calls: []
    m_TypeName: UnityEngine.UI.MaskableGraphic+CullStateChangedEvent, UnityEngine.UI,
      Version=1.0.0.0, Culture=neutral, PublicKeyToken=null
  m_Sprite: {fileID: 21300000, guid: 872bb2a98f4e6ee408ac4ea251d46222, type: 3}
  m_Type: 0
  m_PreserveAspect: 0
  m_FillCenter: 1
  m_FillMethod: 4
  m_FillAmount: 1
  m_FillClockwise: 1
  m_FillOrigin: 0
--- !u!222 &1292693069
CanvasRenderer:
  m_ObjectHideFlags: 0
  m_PrefabParentObject: {fileID: 222389465393578444, guid: 19a26ea9b37fe07499e6fe73c28f92aa,
    type: 2}
  m_PrefabInternal: {fileID: 0}
  m_GameObject: {fileID: 1292693065}
--- !u!1 &1318545718
GameObject:
  m_ObjectHideFlags: 0
  m_PrefabParentObject: {fileID: 1459339089514926, guid: 1d0c5ce08378b954e82601be8332a533,
    type: 2}
  m_PrefabInternal: {fileID: 0}
  serializedVersion: 5
  m_Component:
  - component: {fileID: 1318545719}
  - component: {fileID: 1318545722}
  - component: {fileID: 1318545721}
  - component: {fileID: 1318545720}
  m_Layer: 0
  m_Name: Socket_LA
  m_TagString: LA
  m_Icon: {fileID: 0}
  m_NavMeshLayer: 0
  m_StaticEditorFlags: 0
  m_IsActive: 1
--- !u!4 &1318545719
Transform:
  m_ObjectHideFlags: 0
  m_PrefabParentObject: {fileID: 4406191496834026, guid: 1d0c5ce08378b954e82601be8332a533,
    type: 2}
  m_PrefabInternal: {fileID: 0}
  m_GameObject: {fileID: 1318545718}
  m_LocalRotation: {x: -0, y: -0, z: -0, w: 1}
  m_LocalPosition: {x: 1, y: 2.03, z: 0}
  m_LocalScale: {x: 0.4, y: 0.4, z: 1}
  m_Children: []
  m_Father: {fileID: 124066583}
  m_RootOrder: 3
  m_LocalEulerAnglesHint: {x: 0, y: 0, z: 0}
--- !u!212 &1318545720
SpriteRenderer:
  m_ObjectHideFlags: 0
  m_PrefabParentObject: {fileID: 212096748896586764, guid: 1d0c5ce08378b954e82601be8332a533,
    type: 2}
  m_PrefabInternal: {fileID: 0}
  m_GameObject: {fileID: 1318545718}
  m_Enabled: 1
  m_CastShadows: 0
  m_ReceiveShadows: 0
  m_DynamicOccludee: 1
  m_MotionVectors: 1
  m_LightProbeUsage: 1
  m_ReflectionProbeUsage: 1
  m_Materials:
  - {fileID: 10754, guid: 0000000000000000f000000000000000, type: 0}
  m_StaticBatchInfo:
    firstSubMesh: 0
    subMeshCount: 0
  m_StaticBatchRoot: {fileID: 0}
  m_ProbeAnchor: {fileID: 0}
  m_LightProbeVolumeOverride: {fileID: 0}
  m_ScaleInLightmap: 1
  m_PreserveUVs: 0
  m_IgnoreNormalsForChartDetection: 0
  m_ImportantGI: 0
  m_StitchLightmapSeams: 0
  m_SelectedEditorRenderState: 0
  m_MinimumChartSize: 4
  m_AutoUVMaxDistance: 0.5
  m_AutoUVMaxAngle: 89
  m_LightmapParameters: {fileID: 0}
  m_SortingLayerID: 0
  m_SortingLayer: 0
  m_SortingOrder: 2
  m_Sprite: {fileID: 21300010, guid: 802f3378dad170d46a21cf6a95e18f63, type: 3}
  m_Color: {r: 1, g: 1, b: 1, a: 1}
  m_FlipX: 0
  m_FlipY: 0
  m_DrawMode: 0
  m_Size: {x: 0.2, y: 0.2}
  m_AdaptiveModeThreshold: 0.5
  m_SpriteTileMode: 0
  m_WasSpriteAssigned: 1
  m_MaskInteraction: 0
--- !u!65 &1318545721
BoxCollider:
  m_ObjectHideFlags: 0
  m_PrefabParentObject: {fileID: 65014021397688878, guid: 1d0c5ce08378b954e82601be8332a533,
    type: 2}
  m_PrefabInternal: {fileID: 0}
  m_GameObject: {fileID: 1318545718}
  m_Material: {fileID: 0}
  m_IsTrigger: 0
  m_Enabled: 1
  serializedVersion: 2
  m_Size: {x: 0.2, y: 0.2, z: 1}
  m_Center: {x: 0, y: 0, z: 0}
--- !u!114 &1318545722
MonoBehaviour:
  m_ObjectHideFlags: 0
  m_PrefabParentObject: {fileID: 114614969364631708, guid: 1d0c5ce08378b954e82601be8332a533,
    type: 2}
  m_PrefabInternal: {fileID: 0}
  m_GameObject: {fileID: 1318545718}
  m_Enabled: 1
  m_EditorHideFlags: 0
  m_Script: {fileID: 11500000, guid: 81dc59f6c0b97664fb9fbfbc79a4e02f, type: 3}
  m_Name: 
  m_EditorClassIdentifier: 
  _bird: {fileID: 0}
  ActiveBird: 0
--- !u!1 &1474804872
GameObject:
  m_ObjectHideFlags: 0
  m_PrefabParentObject: {fileID: 0}
  m_PrefabInternal: {fileID: 1854972402}
  serializedVersion: 5
  m_Component:
  - component: {fileID: 1474804873}
  m_Layer: 0
  m_Name: Missing Prefab
  m_TagString: Untagged
  m_Icon: {fileID: 0}
  m_NavMeshLayer: 0
  m_StaticEditorFlags: 0
  m_IsActive: 1
--- !u!4 &1474804873
Transform:
  m_ObjectHideFlags: 0
  m_PrefabParentObject: {fileID: 0}
  m_PrefabInternal: {fileID: 1854972402}
  m_GameObject: {fileID: 1474804872}
  m_LocalRotation: {x: 0, y: 0, z: 0, w: 1}
  m_LocalPosition: {x: 0, y: 0, z: 0}
  m_LocalScale: {x: 1, y: 1, z: 1}
  m_Children: []
  m_Father: {fileID: 0}
  m_RootOrder: 10
  m_LocalEulerAnglesHint: {x: 0, y: 0, z: 0}
--- !u!1 &1663433550
GameObject:
  m_ObjectHideFlags: 0
  m_PrefabParentObject: {fileID: 1930363668214568, guid: 1d0c5ce08378b954e82601be8332a533,
    type: 2}
  m_PrefabInternal: {fileID: 0}
  serializedVersion: 5
  m_Component:
  - component: {fileID: 1663433551}
  - component: {fileID: 1663433554}
  - component: {fileID: 1663433553}
  - component: {fileID: 1663433552}
  m_Layer: 0
  m_Name: Socket_SOL (1)
  m_TagString: SOL
  m_Icon: {fileID: 0}
  m_NavMeshLayer: 0
  m_StaticEditorFlags: 0
  m_IsActive: 1
--- !u!4 &1663433551
Transform:
  m_ObjectHideFlags: 0
  m_PrefabParentObject: {fileID: 4065287088541450, guid: 1d0c5ce08378b954e82601be8332a533,
    type: 2}
  m_PrefabInternal: {fileID: 0}
  m_GameObject: {fileID: 1663433550}
  m_LocalRotation: {x: -0, y: -0, z: -0, w: 1}
  m_LocalPosition: {x: 4, y: 1.5, z: 0}
  m_LocalScale: {x: 0.39999998, y: 0.39999998, z: 1}
  m_Children: []
  m_Father: {fileID: 124066583}
  m_RootOrder: 9
  m_LocalEulerAnglesHint: {x: 0, y: 0, z: 0}
--- !u!212 &1663433552
SpriteRenderer:
  m_ObjectHideFlags: 0
  m_PrefabParentObject: {fileID: 212301278395494898, guid: 1d0c5ce08378b954e82601be8332a533,
    type: 2}
  m_PrefabInternal: {fileID: 0}
  m_GameObject: {fileID: 1663433550}
  m_Enabled: 1
  m_CastShadows: 0
  m_ReceiveShadows: 0
  m_DynamicOccludee: 1
  m_MotionVectors: 1
  m_LightProbeUsage: 1
  m_ReflectionProbeUsage: 1
  m_Materials:
  - {fileID: 10754, guid: 0000000000000000f000000000000000, type: 0}
  m_StaticBatchInfo:
    firstSubMesh: 0
    subMeshCount: 0
  m_StaticBatchRoot: {fileID: 0}
  m_ProbeAnchor: {fileID: 0}
  m_LightProbeVolumeOverride: {fileID: 0}
  m_ScaleInLightmap: 1
  m_PreserveUVs: 0
  m_IgnoreNormalsForChartDetection: 0
  m_ImportantGI: 0
  m_StitchLightmapSeams: 0
  m_SelectedEditorRenderState: 0
  m_MinimumChartSize: 4
  m_AutoUVMaxDistance: 0.5
  m_AutoUVMaxAngle: 89
  m_LightmapParameters: {fileID: 0}
  m_SortingLayerID: 0
  m_SortingLayer: 0
  m_SortingOrder: 2
  m_Sprite: {fileID: 21300008, guid: 802f3378dad170d46a21cf6a95e18f63, type: 3}
  m_Color: {r: 1, g: 1, b: 1, a: 1}
  m_FlipX: 0
  m_FlipY: 0
  m_DrawMode: 0
  m_Size: {x: 0.2, y: 0.2}
  m_AdaptiveModeThreshold: 0.5
  m_SpriteTileMode: 0
  m_WasSpriteAssigned: 1
  m_MaskInteraction: 0
--- !u!65 &1663433553
BoxCollider:
  m_ObjectHideFlags: 0
  m_PrefabParentObject: {fileID: 65942199236017990, guid: 1d0c5ce08378b954e82601be8332a533,
    type: 2}
  m_PrefabInternal: {fileID: 0}
  m_GameObject: {fileID: 1663433550}
  m_Material: {fileID: 0}
  m_IsTrigger: 0
  m_Enabled: 1
  serializedVersion: 2
  m_Size: {x: 0.2, y: 0.2, z: 1}
  m_Center: {x: 0, y: 0, z: 0}
--- !u!114 &1663433554
MonoBehaviour:
  m_ObjectHideFlags: 0
  m_PrefabParentObject: {fileID: 114344079282812674, guid: 1d0c5ce08378b954e82601be8332a533,
    type: 2}
  m_PrefabInternal: {fileID: 0}
  m_GameObject: {fileID: 1663433550}
  m_Enabled: 1
  m_EditorHideFlags: 0
  m_Script: {fileID: 11500000, guid: 81dc59f6c0b97664fb9fbfbc79a4e02f, type: 3}
  m_Name: 
  m_EditorClassIdentifier: 
  _bird: {fileID: 0}
  ActiveBird: 0
--- !u!1 &1668828476
GameObject:
  m_ObjectHideFlags: 0
  m_PrefabParentObject: {fileID: 1158679929743864, guid: 1d0c5ce08378b954e82601be8332a533,
    type: 2}
  m_PrefabInternal: {fileID: 0}
  serializedVersion: 5
  m_Component:
  - component: {fileID: 1668828477}
  - component: {fileID: 1668828480}
  - component: {fileID: 1668828479}
  - component: {fileID: 1668828478}
  m_Layer: 0
  m_Name: Socket_SI (2)
  m_TagString: SI
  m_Icon: {fileID: 0}
  m_NavMeshLayer: 0
  m_StaticEditorFlags: 0
  m_IsActive: 1
--- !u!4 &1668828477
Transform:
  m_ObjectHideFlags: 0
  m_PrefabParentObject: {fileID: 4876894160308490, guid: 1d0c5ce08378b954e82601be8332a533,
    type: 2}
  m_PrefabInternal: {fileID: 0}
  m_GameObject: {fileID: 1668828476}
  m_LocalRotation: {x: -0, y: -0, z: -0, w: 1}
  m_LocalPosition: {x: 5, y: 2.62, z: 0}
  m_LocalScale: {x: 0.39999998, y: 0.39999998, z: 0.39999998}
  m_Children: []
  m_Father: {fileID: 124066583}
  m_RootOrder: 7
  m_LocalEulerAnglesHint: {x: 0, y: 0, z: 0}
--- !u!212 &1668828478
SpriteRenderer:
  m_ObjectHideFlags: 0
  m_PrefabParentObject: {fileID: 212624097930339468, guid: 1d0c5ce08378b954e82601be8332a533,
    type: 2}
  m_PrefabInternal: {fileID: 0}
  m_GameObject: {fileID: 1668828476}
  m_Enabled: 1
  m_CastShadows: 0
  m_ReceiveShadows: 0
  m_DynamicOccludee: 1
  m_MotionVectors: 1
  m_LightProbeUsage: 1
  m_ReflectionProbeUsage: 1
  m_Materials:
  - {fileID: 10754, guid: 0000000000000000f000000000000000, type: 0}
  m_StaticBatchInfo:
    firstSubMesh: 0
    subMeshCount: 0
  m_StaticBatchRoot: {fileID: 0}
  m_ProbeAnchor: {fileID: 0}
  m_LightProbeVolumeOverride: {fileID: 0}
  m_ScaleInLightmap: 1
  m_PreserveUVs: 0
  m_IgnoreNormalsForChartDetection: 0
  m_ImportantGI: 0
  m_StitchLightmapSeams: 0
  m_SelectedEditorRenderState: 0
  m_MinimumChartSize: 4
  m_AutoUVMaxDistance: 0.5
  m_AutoUVMaxAngle: 89
  m_LightmapParameters: {fileID: 0}
  m_SortingLayerID: 0
  m_SortingLayer: 0
  m_SortingOrder: 2
  m_Sprite: {fileID: 21300012, guid: 802f3378dad170d46a21cf6a95e18f63, type: 3}
  m_Color: {r: 1, g: 1, b: 1, a: 1}
  m_FlipX: 0
  m_FlipY: 0
  m_DrawMode: 0
  m_Size: {x: 0.2, y: 0.2}
  m_AdaptiveModeThreshold: 0.5
  m_SpriteTileMode: 0
  m_WasSpriteAssigned: 1
  m_MaskInteraction: 0
--- !u!65 &1668828479
BoxCollider:
  m_ObjectHideFlags: 0
  m_PrefabParentObject: {fileID: 65100533270219360, guid: 1d0c5ce08378b954e82601be8332a533,
    type: 2}
  m_PrefabInternal: {fileID: 0}
  m_GameObject: {fileID: 1668828476}
  m_Material: {fileID: 0}
  m_IsTrigger: 0
  m_Enabled: 1
  serializedVersion: 2
  m_Size: {x: 0.2, y: 0.2, z: 1}
  m_Center: {x: 0, y: 0, z: 0}
--- !u!114 &1668828480
MonoBehaviour:
  m_ObjectHideFlags: 0
  m_PrefabParentObject: {fileID: 114332586950477620, guid: 1d0c5ce08378b954e82601be8332a533,
    type: 2}
  m_PrefabInternal: {fileID: 0}
  m_GameObject: {fileID: 1668828476}
  m_Enabled: 1
  m_EditorHideFlags: 0
  m_Script: {fileID: 11500000, guid: 81dc59f6c0b97664fb9fbfbc79a4e02f, type: 3}
  m_Name: 
  m_EditorClassIdentifier: 
  _bird: {fileID: 0}
  ActiveBird: 0
--- !u!1 &1690872616 stripped
GameObject:
  m_PrefabParentObject: {fileID: 1003203186957500, guid: 19a26ea9b37fe07499e6fe73c28f92aa,
    type: 2}
  m_PrefabInternal: {fileID: 451662018}
--- !u!1001 &1721526592
Prefab:
  m_ObjectHideFlags: 0
  serializedVersion: 2
  m_Modification:
    m_TransformParent: {fileID: 0}
    m_Modifications:
    - target: {fileID: 4381540735753806, guid: 6180b61ee260d7e4e9c03e7ba3b4cccd, type: 2}
      propertyPath: m_LocalPosition.x
      value: -1.540485
      objectReference: {fileID: 0}
    - target: {fileID: 4381540735753806, guid: 6180b61ee260d7e4e9c03e7ba3b4cccd, type: 2}
      propertyPath: m_LocalPosition.y
      value: 3.9796598
      objectReference: {fileID: 0}
    - target: {fileID: 4381540735753806, guid: 6180b61ee260d7e4e9c03e7ba3b4cccd, type: 2}
      propertyPath: m_LocalPosition.z
      value: -0.0390625
      objectReference: {fileID: 0}
    - target: {fileID: 4381540735753806, guid: 6180b61ee260d7e4e9c03e7ba3b4cccd, type: 2}
      propertyPath: m_LocalRotation.x
      value: 0
      objectReference: {fileID: 0}
    - target: {fileID: 4381540735753806, guid: 6180b61ee260d7e4e9c03e7ba3b4cccd, type: 2}
      propertyPath: m_LocalRotation.y
      value: 0
      objectReference: {fileID: 0}
    - target: {fileID: 4381540735753806, guid: 6180b61ee260d7e4e9c03e7ba3b4cccd, type: 2}
      propertyPath: m_LocalRotation.z
      value: 0
      objectReference: {fileID: 0}
    - target: {fileID: 4381540735753806, guid: 6180b61ee260d7e4e9c03e7ba3b4cccd, type: 2}
      propertyPath: m_LocalRotation.w
      value: 1
      objectReference: {fileID: 0}
    - target: {fileID: 4381540735753806, guid: 6180b61ee260d7e4e9c03e7ba3b4cccd, type: 2}
      propertyPath: m_RootOrder
      value: 8
      objectReference: {fileID: 0}
    - target: {fileID: 114053556210808844, guid: 6180b61ee260d7e4e9c03e7ba3b4cccd,
        type: 2}
      propertyPath: AllCompleted
      value: 0
      objectReference: {fileID: 0}
    m_RemovedComponents: []
  m_ParentPrefab: {fileID: 100100000, guid: 6180b61ee260d7e4e9c03e7ba3b4cccd, type: 2}
  m_IsPrefabParent: 0
--- !u!1 &1761482189
GameObject:
  m_ObjectHideFlags: 0
  m_PrefabParentObject: {fileID: 1459339089514926, guid: 1d0c5ce08378b954e82601be8332a533,
    type: 2}
  m_PrefabInternal: {fileID: 0}
  serializedVersion: 5
  m_Component:
  - component: {fileID: 1761482190}
  - component: {fileID: 1761482193}
  - component: {fileID: 1761482192}
  - component: {fileID: 1761482191}
  m_Layer: 0
  m_Name: Socket_LA (1)
  m_TagString: LA
  m_Icon: {fileID: 0}
  m_NavMeshLayer: 0
  m_StaticEditorFlags: 0
  m_IsActive: 1
--- !u!4 &1761482190
Transform:
  m_ObjectHideFlags: 0
  m_PrefabParentObject: {fileID: 4406191496834026, guid: 1d0c5ce08378b954e82601be8332a533,
    type: 2}
  m_PrefabInternal: {fileID: 0}
  m_GameObject: {fileID: 1761482189}
  m_LocalRotation: {x: -0, y: -0, z: -0, w: 1}
  m_LocalPosition: {x: -6, y: 2.03, z: 0}
  m_LocalScale: {x: 0.39999998, y: 0.39999998, z: 1}
  m_Children: []
  m_Father: {fileID: 124066583}
  m_RootOrder: 10
  m_LocalEulerAnglesHint: {x: 0, y: 0, z: 0}
--- !u!212 &1761482191
SpriteRenderer:
  m_ObjectHideFlags: 0
  m_PrefabParentObject: {fileID: 212096748896586764, guid: 1d0c5ce08378b954e82601be8332a533,
    type: 2}
  m_PrefabInternal: {fileID: 0}
  m_GameObject: {fileID: 1761482189}
  m_Enabled: 1
  m_CastShadows: 0
  m_ReceiveShadows: 0
  m_DynamicOccludee: 1
  m_MotionVectors: 1
  m_LightProbeUsage: 1
  m_ReflectionProbeUsage: 1
  m_Materials:
  - {fileID: 10754, guid: 0000000000000000f000000000000000, type: 0}
  m_StaticBatchInfo:
    firstSubMesh: 0
    subMeshCount: 0
  m_StaticBatchRoot: {fileID: 0}
  m_ProbeAnchor: {fileID: 0}
  m_LightProbeVolumeOverride: {fileID: 0}
  m_ScaleInLightmap: 1
  m_PreserveUVs: 0
  m_IgnoreNormalsForChartDetection: 0
  m_ImportantGI: 0
  m_StitchLightmapSeams: 0
  m_SelectedEditorRenderState: 0
  m_MinimumChartSize: 4
  m_AutoUVMaxDistance: 0.5
  m_AutoUVMaxAngle: 89
  m_LightmapParameters: {fileID: 0}
  m_SortingLayerID: 0
  m_SortingLayer: 0
  m_SortingOrder: 2
  m_Sprite: {fileID: 21300010, guid: 802f3378dad170d46a21cf6a95e18f63, type: 3}
  m_Color: {r: 1, g: 1, b: 1, a: 1}
  m_FlipX: 0
  m_FlipY: 0
  m_DrawMode: 0
  m_Size: {x: 0.2, y: 0.2}
  m_AdaptiveModeThreshold: 0.5
  m_SpriteTileMode: 0
  m_WasSpriteAssigned: 1
  m_MaskInteraction: 0
--- !u!65 &1761482192
BoxCollider:
  m_ObjectHideFlags: 0
  m_PrefabParentObject: {fileID: 65014021397688878, guid: 1d0c5ce08378b954e82601be8332a533,
    type: 2}
  m_PrefabInternal: {fileID: 0}
  m_GameObject: {fileID: 1761482189}
  m_Material: {fileID: 0}
  m_IsTrigger: 0
  m_Enabled: 1
  serializedVersion: 2
  m_Size: {x: 0.2, y: 0.2, z: 1}
  m_Center: {x: 0, y: 0, z: 0}
--- !u!114 &1761482193
MonoBehaviour:
  m_ObjectHideFlags: 0
  m_PrefabParentObject: {fileID: 114614969364631708, guid: 1d0c5ce08378b954e82601be8332a533,
    type: 2}
  m_PrefabInternal: {fileID: 0}
  m_GameObject: {fileID: 1761482189}
  m_Enabled: 1
  m_EditorHideFlags: 0
  m_Script: {fileID: 11500000, guid: 81dc59f6c0b97664fb9fbfbc79a4e02f, type: 3}
  m_Name: 
  m_EditorClassIdentifier: 
  _bird: {fileID: 0}
  ActiveBird: 0
--- !u!1001 &1854972402
Prefab:
  m_ObjectHideFlags: 0
  serializedVersion: 2
  m_Modification:
    m_TransformParent: {fileID: 0}
    m_Modifications:
    - target: {fileID: 4056139126259400, guid: b3be51ec46c8fc64587b6b5d7190b33f, type: 2}
      propertyPath: m_LocalPosition.x
      value: 0.901232
      objectReference: {fileID: 0}
    - target: {fileID: 4056139126259400, guid: b3be51ec46c8fc64587b6b5d7190b33f, type: 2}
      propertyPath: m_LocalPosition.y
      value: 0.7050375
      objectReference: {fileID: 0}
    - target: {fileID: 4056139126259400, guid: b3be51ec46c8fc64587b6b5d7190b33f, type: 2}
      propertyPath: m_LocalPosition.z
      value: -0.103515625
      objectReference: {fileID: 0}
    - target: {fileID: 4056139126259400, guid: b3be51ec46c8fc64587b6b5d7190b33f, type: 2}
      propertyPath: m_LocalRotation.x
      value: 0
      objectReference: {fileID: 0}
    - target: {fileID: 4056139126259400, guid: b3be51ec46c8fc64587b6b5d7190b33f, type: 2}
      propertyPath: m_LocalRotation.y
      value: 0
      objectReference: {fileID: 0}
    - target: {fileID: 4056139126259400, guid: b3be51ec46c8fc64587b6b5d7190b33f, type: 2}
      propertyPath: m_LocalRotation.z
      value: 0
      objectReference: {fileID: 0}
    - target: {fileID: 4056139126259400, guid: b3be51ec46c8fc64587b6b5d7190b33f, type: 2}
      propertyPath: m_LocalRotation.w
      value: 1
      objectReference: {fileID: 0}
    - target: {fileID: 4056139126259400, guid: b3be51ec46c8fc64587b6b5d7190b33f, type: 2}
      propertyPath: m_RootOrder
      value: 6
      objectReference: {fileID: 0}
    - target: {fileID: 1171127209635402, guid: b3be51ec46c8fc64587b6b5d7190b33f, type: 2}
      propertyPath: m_Name
      value: Poles (1)
      objectReference: {fileID: 0}
    m_RemovedComponents: []
  m_ParentPrefab: {fileID: 100100000, guid: b3be51ec46c8fc64587b6b5d7190b33f, type: 2}
  m_IsPrefabParent: 0
--- !u!1 &1864882243
GameObject:
  m_ObjectHideFlags: 0
  m_PrefabParentObject: {fileID: 1158679929743864, guid: 1d0c5ce08378b954e82601be8332a533,
    type: 2}
  m_PrefabInternal: {fileID: 0}
  serializedVersion: 5
  m_Component:
  - component: {fileID: 1864882244}
  - component: {fileID: 1864882247}
  - component: {fileID: 1864882246}
  - component: {fileID: 1864882245}
  m_Layer: 0
  m_Name: Socket_SI
  m_TagString: SI
  m_Icon: {fileID: 0}
  m_NavMeshLayer: 0
  m_StaticEditorFlags: 0
  m_IsActive: 1
--- !u!4 &1864882244
Transform:
  m_ObjectHideFlags: 0
  m_PrefabParentObject: {fileID: 4876894160308490, guid: 1d0c5ce08378b954e82601be8332a533,
    type: 2}
  m_PrefabInternal: {fileID: 0}
  m_GameObject: {fileID: 1864882243}
  m_LocalRotation: {x: -0, y: -0, z: -0, w: 1}
  m_LocalPosition: {x: -5, y: 2.62, z: 0}
  m_LocalScale: {x: 0.4, y: 0.4, z: 0.4}
  m_Children: []
  m_Father: {fileID: 124066583}
  m_RootOrder: 4
  m_LocalEulerAnglesHint: {x: 0, y: 0, z: 0}
--- !u!212 &1864882245
SpriteRenderer:
  m_ObjectHideFlags: 0
  m_PrefabParentObject: {fileID: 212624097930339468, guid: 1d0c5ce08378b954e82601be8332a533,
    type: 2}
  m_PrefabInternal: {fileID: 0}
  m_GameObject: {fileID: 1864882243}
  m_Enabled: 1
  m_CastShadows: 0
  m_ReceiveShadows: 0
  m_DynamicOccludee: 1
  m_MotionVectors: 1
  m_LightProbeUsage: 1
  m_ReflectionProbeUsage: 1
  m_Materials:
  - {fileID: 10754, guid: 0000000000000000f000000000000000, type: 0}
  m_StaticBatchInfo:
    firstSubMesh: 0
    subMeshCount: 0
  m_StaticBatchRoot: {fileID: 0}
  m_ProbeAnchor: {fileID: 0}
  m_LightProbeVolumeOverride: {fileID: 0}
  m_ScaleInLightmap: 1
  m_PreserveUVs: 0
  m_IgnoreNormalsForChartDetection: 0
  m_ImportantGI: 0
  m_StitchLightmapSeams: 0
  m_SelectedEditorRenderState: 0
  m_MinimumChartSize: 4
  m_AutoUVMaxDistance: 0.5
  m_AutoUVMaxAngle: 89
  m_LightmapParameters: {fileID: 0}
  m_SortingLayerID: 0
  m_SortingLayer: 0
  m_SortingOrder: 2
  m_Sprite: {fileID: 21300012, guid: 802f3378dad170d46a21cf6a95e18f63, type: 3}
  m_Color: {r: 1, g: 1, b: 1, a: 1}
  m_FlipX: 0
  m_FlipY: 0
  m_DrawMode: 0
  m_Size: {x: 0.2, y: 0.2}
  m_AdaptiveModeThreshold: 0.5
  m_SpriteTileMode: 0
  m_WasSpriteAssigned: 1
  m_MaskInteraction: 0
--- !u!65 &1864882246
BoxCollider:
  m_ObjectHideFlags: 0
  m_PrefabParentObject: {fileID: 65100533270219360, guid: 1d0c5ce08378b954e82601be8332a533,
    type: 2}
  m_PrefabInternal: {fileID: 0}
  m_GameObject: {fileID: 1864882243}
  m_Material: {fileID: 0}
  m_IsTrigger: 0
  m_Enabled: 1
  serializedVersion: 2
  m_Size: {x: 0.2, y: 0.2, z: 1}
  m_Center: {x: 0, y: 0, z: 0}
--- !u!114 &1864882247
MonoBehaviour:
  m_ObjectHideFlags: 0
  m_PrefabParentObject: {fileID: 114332586950477620, guid: 1d0c5ce08378b954e82601be8332a533,
    type: 2}
  m_PrefabInternal: {fileID: 0}
  m_GameObject: {fileID: 1864882243}
  m_Enabled: 1
  m_EditorHideFlags: 0
  m_Script: {fileID: 11500000, guid: 81dc59f6c0b97664fb9fbfbc79a4e02f, type: 3}
  m_Name: 
  m_EditorClassIdentifier: 
  _bird: {fileID: 0}
  ActiveBird: 0
--- !u!1 &1905852530
GameObject:
  m_ObjectHideFlags: 0
  m_PrefabParentObject: {fileID: 1363345925082140, guid: 1d0c5ce08378b954e82601be8332a533,
    type: 2}
  m_PrefabInternal: {fileID: 0}
  serializedVersion: 5
  m_Component:
  - component: {fileID: 1905852531}
  - component: {fileID: 1905852534}
  - component: {fileID: 1905852533}
  - component: {fileID: 1905852532}
  m_Layer: 0
  m_Name: Socket_FA
  m_TagString: FA
  m_Icon: {fileID: 0}
  m_NavMeshLayer: 0
  m_StaticEditorFlags: 0
  m_IsActive: 1
--- !u!4 &1905852531
Transform:
  m_ObjectHideFlags: 0
  m_PrefabParentObject: {fileID: 4889338542584656, guid: 1d0c5ce08378b954e82601be8332a533,
    type: 2}
  m_PrefabInternal: {fileID: 0}
  m_GameObject: {fileID: 1905852530}
  m_LocalRotation: {x: -0, y: -0, z: -0, w: 1}
  m_LocalPosition: {x: 0, y: 0.95, z: 0}
  m_LocalScale: {x: 0.37, y: 0.37, z: 1}
  m_Children: []
  m_Father: {fileID: 124066583}
  m_RootOrder: 1
  m_LocalEulerAnglesHint: {x: 0, y: 0, z: 0}
--- !u!212 &1905852532
SpriteRenderer:
  m_ObjectHideFlags: 0
  m_PrefabParentObject: {fileID: 212831938362909026, guid: 1d0c5ce08378b954e82601be8332a533,
    type: 2}
  m_PrefabInternal: {fileID: 0}
  m_GameObject: {fileID: 1905852530}
  m_Enabled: 1
  m_CastShadows: 0
  m_ReceiveShadows: 0
  m_DynamicOccludee: 1
  m_MotionVectors: 1
  m_LightProbeUsage: 1
  m_ReflectionProbeUsage: 1
  m_Materials:
  - {fileID: 10754, guid: 0000000000000000f000000000000000, type: 0}
  m_StaticBatchInfo:
    firstSubMesh: 0
    subMeshCount: 0
  m_StaticBatchRoot: {fileID: 0}
  m_ProbeAnchor: {fileID: 0}
  m_LightProbeVolumeOverride: {fileID: 0}
  m_ScaleInLightmap: 1
  m_PreserveUVs: 0
  m_IgnoreNormalsForChartDetection: 0
  m_ImportantGI: 0
  m_StitchLightmapSeams: 0
  m_SelectedEditorRenderState: 0
  m_MinimumChartSize: 4
  m_AutoUVMaxDistance: 0.5
  m_AutoUVMaxAngle: 89
  m_LightmapParameters: {fileID: 0}
  m_SortingLayerID: 0
  m_SortingLayer: 0
  m_SortingOrder: 2
  m_Sprite: {fileID: 21300006, guid: 802f3378dad170d46a21cf6a95e18f63, type: 3}
  m_Color: {r: 1, g: 1, b: 1, a: 1}
  m_FlipX: 0
  m_FlipY: 0
  m_DrawMode: 0
  m_Size: {x: 0.2, y: 0.2}
  m_AdaptiveModeThreshold: 0.5
  m_SpriteTileMode: 0
  m_WasSpriteAssigned: 1
  m_MaskInteraction: 0
--- !u!65 &1905852533
BoxCollider:
  m_ObjectHideFlags: 0
  m_PrefabParentObject: {fileID: 65471570169014484, guid: 1d0c5ce08378b954e82601be8332a533,
    type: 2}
  m_PrefabInternal: {fileID: 0}
  m_GameObject: {fileID: 1905852530}
  m_Material: {fileID: 0}
  m_IsTrigger: 0
  m_Enabled: 1
  serializedVersion: 2
  m_Size: {x: 0.2, y: 0.2, z: 1}
  m_Center: {x: 0, y: 0, z: 0}
--- !u!114 &1905852534
MonoBehaviour:
  m_ObjectHideFlags: 0
  m_PrefabParentObject: {fileID: 114382847591352056, guid: 1d0c5ce08378b954e82601be8332a533,
    type: 2}
  m_PrefabInternal: {fileID: 0}
  m_GameObject: {fileID: 1905852530}
  m_Enabled: 1
  m_EditorHideFlags: 0
  m_Script: {fileID: 11500000, guid: 81dc59f6c0b97664fb9fbfbc79a4e02f, type: 3}
  m_Name: 
  m_EditorClassIdentifier: 
  _bird: {fileID: 0}
  ActiveBird: 0
--- !u!1001 &1918736181
Prefab:
  m_ObjectHideFlags: 0
  serializedVersion: 2
  m_Modification:
    m_TransformParent: {fileID: 0}
    m_Modifications:
    - target: {fileID: 4153561926084900, guid: 6a343535eb2fc0641b027bcec34d9cd3, type: 2}
      propertyPath: m_LocalPosition.x
      value: 0.901232
      objectReference: {fileID: 0}
    - target: {fileID: 4153561926084900, guid: 6a343535eb2fc0641b027bcec34d9cd3, type: 2}
      propertyPath: m_LocalPosition.y
      value: 0.7050375
      objectReference: {fileID: 0}
    - target: {fileID: 4153561926084900, guid: 6a343535eb2fc0641b027bcec34d9cd3, type: 2}
      propertyPath: m_LocalPosition.z
      value: -0.103515625
      objectReference: {fileID: 0}
    - target: {fileID: 4153561926084900, guid: 6a343535eb2fc0641b027bcec34d9cd3, type: 2}
      propertyPath: m_LocalRotation.x
      value: 0
      objectReference: {fileID: 0}
    - target: {fileID: 4153561926084900, guid: 6a343535eb2fc0641b027bcec34d9cd3, type: 2}
      propertyPath: m_LocalRotation.y
      value: 0
      objectReference: {fileID: 0}
    - target: {fileID: 4153561926084900, guid: 6a343535eb2fc0641b027bcec34d9cd3, type: 2}
      propertyPath: m_LocalRotation.z
      value: 0
      objectReference: {fileID: 0}
    - target: {fileID: 4153561926084900, guid: 6a343535eb2fc0641b027bcec34d9cd3, type: 2}
      propertyPath: m_LocalRotation.w
      value: 1
      objectReference: {fileID: 0}
    - target: {fileID: 4153561926084900, guid: 6a343535eb2fc0641b027bcec34d9cd3, type: 2}
      propertyPath: m_RootOrder
      value: 9
      objectReference: {fileID: 0}
    m_RemovedComponents: []
  m_ParentPrefab: {fileID: 100100000, guid: 6a343535eb2fc0641b027bcec34d9cd3, type: 2}
  m_IsPrefabParent: 0
--- !u!1 &1956237635
GameObject:
  m_ObjectHideFlags: 0
  m_PrefabParentObject: {fileID: 0}
  m_PrefabInternal: {fileID: 0}
  serializedVersion: 5
  m_Component:
  - component: {fileID: 1956237638}
  - component: {fileID: 1956237637}
  - component: {fileID: 1956237636}
  m_Layer: 0
  m_Name: EventSystem
  m_TagString: Untagged
  m_Icon: {fileID: 0}
  m_NavMeshLayer: 0
  m_StaticEditorFlags: 0
  m_IsActive: 1
--- !u!114 &1956237636
MonoBehaviour:
  m_ObjectHideFlags: 0
  m_PrefabParentObject: {fileID: 0}
  m_PrefabInternal: {fileID: 0}
  m_GameObject: {fileID: 1956237635}
  m_Enabled: 1
  m_EditorHideFlags: 0
  m_Script: {fileID: 1077351063, guid: f70555f144d8491a825f0804e09c671c, type: 3}
  m_Name: 
  m_EditorClassIdentifier: 
  m_HorizontalAxis: Horizontal
  m_VerticalAxis: Vertical
  m_SubmitButton: Submit
  m_CancelButton: Cancel
  m_InputActionsPerSecond: 10
  m_RepeatDelay: 0.5
  m_ForceModuleActive: 0
--- !u!114 &1956237637
MonoBehaviour:
  m_ObjectHideFlags: 0
  m_PrefabParentObject: {fileID: 0}
  m_PrefabInternal: {fileID: 0}
  m_GameObject: {fileID: 1956237635}
  m_Enabled: 1
  m_EditorHideFlags: 0
  m_Script: {fileID: -619905303, guid: f70555f144d8491a825f0804e09c671c, type: 3}
  m_Name: 
  m_EditorClassIdentifier: 
  m_FirstSelected: {fileID: 0}
  m_sendNavigationEvents: 1
  m_DragThreshold: 5
--- !u!4 &1956237638
Transform:
  m_ObjectHideFlags: 0
  m_PrefabParentObject: {fileID: 0}
  m_PrefabInternal: {fileID: 0}
  m_GameObject: {fileID: 1956237635}
  m_LocalRotation: {x: 0, y: 0, z: 0, w: 1}
  m_LocalPosition: {x: 0, y: 0, z: 0}
  m_LocalScale: {x: 1, y: 1, z: 1}
  m_Children: []
  m_Father: {fileID: 0}
  m_RootOrder: 4
  m_LocalEulerAnglesHint: {x: 0, y: 0, z: 0}
--- !u!1 &1967857959
GameObject:
  m_ObjectHideFlags: 0
  m_PrefabParentObject: {fileID: 1158679929743864, guid: 1d0c5ce08378b954e82601be8332a533,
    type: 2}
  m_PrefabInternal: {fileID: 0}
  serializedVersion: 5
  m_Component:
  - component: {fileID: 1967857960}
  - component: {fileID: 1967857963}
  - component: {fileID: 1967857962}
  - component: {fileID: 1967857961}
  m_Layer: 0
  m_Name: Socket_SI (4)
  m_TagString: SI
  m_Icon: {fileID: 0}
  m_NavMeshLayer: 0
  m_StaticEditorFlags: 0
  m_IsActive: 1
--- !u!4 &1967857960
Transform:
  m_ObjectHideFlags: 0
  m_PrefabParentObject: {fileID: 4876894160308490, guid: 1d0c5ce08378b954e82601be8332a533,
    type: 2}
  m_PrefabInternal: {fileID: 0}
  m_GameObject: {fileID: 1967857959}
  m_LocalRotation: {x: -0, y: -0, z: -0, w: 1}
  m_LocalPosition: {x: 3, y: 2.62, z: 0}
  m_LocalScale: {x: 0.39999998, y: 0.39999998, z: 0.39999998}
  m_Children: []
  m_Father: {fileID: 124066583}
  m_RootOrder: 11
  m_LocalEulerAnglesHint: {x: 0, y: 0, z: 0}
--- !u!212 &1967857961
SpriteRenderer:
  m_ObjectHideFlags: 0
  m_PrefabParentObject: {fileID: 212624097930339468, guid: 1d0c5ce08378b954e82601be8332a533,
    type: 2}
  m_PrefabInternal: {fileID: 0}
  m_GameObject: {fileID: 1967857959}
  m_Enabled: 1
  m_CastShadows: 0
  m_ReceiveShadows: 0
  m_DynamicOccludee: 1
  m_MotionVectors: 1
  m_LightProbeUsage: 1
  m_ReflectionProbeUsage: 1
  m_Materials:
  - {fileID: 10754, guid: 0000000000000000f000000000000000, type: 0}
  m_StaticBatchInfo:
    firstSubMesh: 0
    subMeshCount: 0
  m_StaticBatchRoot: {fileID: 0}
  m_ProbeAnchor: {fileID: 0}
  m_LightProbeVolumeOverride: {fileID: 0}
  m_ScaleInLightmap: 1
  m_PreserveUVs: 0
  m_IgnoreNormalsForChartDetection: 0
  m_ImportantGI: 0
  m_StitchLightmapSeams: 0
  m_SelectedEditorRenderState: 0
  m_MinimumChartSize: 4
  m_AutoUVMaxDistance: 0.5
  m_AutoUVMaxAngle: 89
  m_LightmapParameters: {fileID: 0}
  m_SortingLayerID: 0
  m_SortingLayer: 0
  m_SortingOrder: 2
  m_Sprite: {fileID: 21300012, guid: 802f3378dad170d46a21cf6a95e18f63, type: 3}
  m_Color: {r: 1, g: 1, b: 1, a: 1}
  m_FlipX: 0
  m_FlipY: 0
  m_DrawMode: 0
  m_Size: {x: 0.2, y: 0.2}
  m_AdaptiveModeThreshold: 0.5
  m_SpriteTileMode: 0
  m_WasSpriteAssigned: 1
  m_MaskInteraction: 0
--- !u!65 &1967857962
BoxCollider:
  m_ObjectHideFlags: 0
  m_PrefabParentObject: {fileID: 65100533270219360, guid: 1d0c5ce08378b954e82601be8332a533,
    type: 2}
  m_PrefabInternal: {fileID: 0}
  m_GameObject: {fileID: 1967857959}
  m_Material: {fileID: 0}
  m_IsTrigger: 0
  m_Enabled: 1
  serializedVersion: 2
  m_Size: {x: 0.2, y: 0.2, z: 1}
  m_Center: {x: 0, y: 0, z: 0}
--- !u!114 &1967857963
MonoBehaviour:
  m_ObjectHideFlags: 0
  m_PrefabParentObject: {fileID: 114332586950477620, guid: 1d0c5ce08378b954e82601be8332a533,
    type: 2}
  m_PrefabInternal: {fileID: 0}
  m_GameObject: {fileID: 1967857959}
  m_Enabled: 1
  m_EditorHideFlags: 0
  m_Script: {fileID: 11500000, guid: 81dc59f6c0b97664fb9fbfbc79a4e02f, type: 3}
  m_Name: 
  m_EditorClassIdentifier: 
  _bird: {fileID: 0}
  ActiveBird: 0
--- !u!1001 &1994018677
Prefab:
  m_ObjectHideFlags: 0
  serializedVersion: 2
  m_Modification:
    m_TransformParent: {fileID: 0}
    m_Modifications:
    - target: {fileID: 4978240438362552, guid: c5e138f7d0eb3c1449221c0fc6c9e77d, type: 2}
      propertyPath: m_LocalPosition.x
      value: 0
      objectReference: {fileID: 0}
    - target: {fileID: 4978240438362552, guid: c5e138f7d0eb3c1449221c0fc6c9e77d, type: 2}
      propertyPath: m_LocalPosition.y
      value: 0
      objectReference: {fileID: 0}
    - target: {fileID: 4978240438362552, guid: c5e138f7d0eb3c1449221c0fc6c9e77d, type: 2}
      propertyPath: m_LocalPosition.z
      value: 0
      objectReference: {fileID: 0}
    - target: {fileID: 4978240438362552, guid: c5e138f7d0eb3c1449221c0fc6c9e77d, type: 2}
      propertyPath: m_LocalRotation.x
      value: 0
      objectReference: {fileID: 0}
    - target: {fileID: 4978240438362552, guid: c5e138f7d0eb3c1449221c0fc6c9e77d, type: 2}
      propertyPath: m_LocalRotation.y
      value: 0
      objectReference: {fileID: 0}
    - target: {fileID: 4978240438362552, guid: c5e138f7d0eb3c1449221c0fc6c9e77d, type: 2}
      propertyPath: m_LocalRotation.z
      value: 0
      objectReference: {fileID: 0}
    - target: {fileID: 4978240438362552, guid: c5e138f7d0eb3c1449221c0fc6c9e77d, type: 2}
      propertyPath: m_LocalRotation.w
      value: 1
      objectReference: {fileID: 0}
    - target: {fileID: 4978240438362552, guid: c5e138f7d0eb3c1449221c0fc6c9e77d, type: 2}
      propertyPath: m_RootOrder
      value: 5
      objectReference: {fileID: 0}
    - target: {fileID: 1444178869531328, guid: c5e138f7d0eb3c1449221c0fc6c9e77d, type: 2}
      propertyPath: m_Name
      value: Selectors
      objectReference: {fileID: 0}
    m_RemovedComponents: []
  m_ParentPrefab: {fileID: 100100000, guid: c5e138f7d0eb3c1449221c0fc6c9e77d, type: 2}
  m_IsPrefabParent: 0
--- !u!1001 &2045576937
Prefab:
  m_ObjectHideFlags: 0
  serializedVersion: 2
  m_Modification:
    m_TransformParent: {fileID: 0}
    m_Modifications:
    - target: {fileID: 4945151962542694, guid: 3d1c461cfa0d5a7419bc8c3231391856, type: 2}
      propertyPath: m_LocalPosition.x
      value: 0
      objectReference: {fileID: 0}
    - target: {fileID: 4945151962542694, guid: 3d1c461cfa0d5a7419bc8c3231391856, type: 2}
      propertyPath: m_LocalPosition.y
      value: 0
      objectReference: {fileID: 0}
    - target: {fileID: 4945151962542694, guid: 3d1c461cfa0d5a7419bc8c3231391856, type: 2}
      propertyPath: m_LocalPosition.z
      value: 0
      objectReference: {fileID: 0}
    - target: {fileID: 4945151962542694, guid: 3d1c461cfa0d5a7419bc8c3231391856, type: 2}
      propertyPath: m_LocalRotation.x
      value: 0
      objectReference: {fileID: 0}
    - target: {fileID: 4945151962542694, guid: 3d1c461cfa0d5a7419bc8c3231391856, type: 2}
      propertyPath: m_LocalRotation.y
      value: 0
      objectReference: {fileID: 0}
    - target: {fileID: 4945151962542694, guid: 3d1c461cfa0d5a7419bc8c3231391856, type: 2}
      propertyPath: m_LocalRotation.z
      value: 0
      objectReference: {fileID: 0}
    - target: {fileID: 4945151962542694, guid: 3d1c461cfa0d5a7419bc8c3231391856, type: 2}
      propertyPath: m_LocalRotation.w
      value: 1
      objectReference: {fileID: 0}
    - target: {fileID: 4945151962542694, guid: 3d1c461cfa0d5a7419bc8c3231391856, type: 2}
      propertyPath: m_RootOrder
      value: 11
      objectReference: {fileID: 0}
    - target: {fileID: 1615909308138532, guid: 3d1c461cfa0d5a7419bc8c3231391856, type: 2}
      propertyPath: m_IsActive
      value: 1
      objectReference: {fileID: 0}
    - target: {fileID: 1551617350380400, guid: 3d1c461cfa0d5a7419bc8c3231391856, type: 2}
      propertyPath: m_IsActive
      value: 1
      objectReference: {fileID: 0}
    - target: {fileID: 1847877567798488, guid: 3d1c461cfa0d5a7419bc8c3231391856, type: 2}
      propertyPath: m_IsActive
      value: 1
      objectReference: {fileID: 0}
    - target: {fileID: 1948062882171174, guid: 3d1c461cfa0d5a7419bc8c3231391856, type: 2}
      propertyPath: m_IsActive
      value: 1
      objectReference: {fileID: 0}
    - target: {fileID: 1816615163627020, guid: 3d1c461cfa0d5a7419bc8c3231391856, type: 2}
      propertyPath: m_IsActive
      value: 1
      objectReference: {fileID: 0}
    - target: {fileID: 1538474578604278, guid: 3d1c461cfa0d5a7419bc8c3231391856, type: 2}
      propertyPath: m_IsActive
      value: 1
      objectReference: {fileID: 0}
    - target: {fileID: 1067767281780288, guid: 3d1c461cfa0d5a7419bc8c3231391856, type: 2}
      propertyPath: m_IsActive
      value: 1
      objectReference: {fileID: 0}
    - target: {fileID: 1282210400718514, guid: 3d1c461cfa0d5a7419bc8c3231391856, type: 2}
      propertyPath: m_IsActive
      value: 1
      objectReference: {fileID: 0}
    m_RemovedComponents: []
  m_ParentPrefab: {fileID: 100100000, guid: 3d1c461cfa0d5a7419bc8c3231391856, type: 2}
  m_IsPrefabParent: 0
--- !u!1 &2075508483
GameObject:
  m_ObjectHideFlags: 0
  m_PrefabParentObject: {fileID: 1158679929743864, guid: 1d0c5ce08378b954e82601be8332a533,
    type: 2}
  m_PrefabInternal: {fileID: 0}
  serializedVersion: 5
  m_Component:
  - component: {fileID: 2075508484}
  - component: {fileID: 2075508487}
  - component: {fileID: 2075508486}
  - component: {fileID: 2075508485}
  m_Layer: 0
  m_Name: Socket_SI (3)
  m_TagString: SI
  m_Icon: {fileID: 0}
  m_NavMeshLayer: 0
  m_StaticEditorFlags: 0
  m_IsActive: 1
--- !u!4 &2075508484
Transform:
  m_ObjectHideFlags: 0
  m_PrefabParentObject: {fileID: 4876894160308490, guid: 1d0c5ce08378b954e82601be8332a533,
    type: 2}
  m_PrefabInternal: {fileID: 0}
  m_GameObject: {fileID: 2075508483}
  m_LocalRotation: {x: -0, y: -0, z: -0, w: 1}
  m_LocalPosition: {x: 2, y: 2.62, z: 0}
  m_LocalScale: {x: 0.39999998, y: 0.39999998, z: 0.39999998}
  m_Children: []
  m_Father: {fileID: 124066583}
  m_RootOrder: 8
  m_LocalEulerAnglesHint: {x: 0, y: 0, z: 0}
--- !u!212 &2075508485
SpriteRenderer:
  m_ObjectHideFlags: 0
  m_PrefabParentObject: {fileID: 212624097930339468, guid: 1d0c5ce08378b954e82601be8332a533,
    type: 2}
  m_PrefabInternal: {fileID: 0}
  m_GameObject: {fileID: 2075508483}
  m_Enabled: 1
  m_CastShadows: 0
  m_ReceiveShadows: 0
  m_DynamicOccludee: 1
  m_MotionVectors: 1
  m_LightProbeUsage: 1
  m_ReflectionProbeUsage: 1
  m_Materials:
  - {fileID: 10754, guid: 0000000000000000f000000000000000, type: 0}
  m_StaticBatchInfo:
    firstSubMesh: 0
    subMeshCount: 0
  m_StaticBatchRoot: {fileID: 0}
  m_ProbeAnchor: {fileID: 0}
  m_LightProbeVolumeOverride: {fileID: 0}
  m_ScaleInLightmap: 1
  m_PreserveUVs: 0
  m_IgnoreNormalsForChartDetection: 0
  m_ImportantGI: 0
  m_StitchLightmapSeams: 0
  m_SelectedEditorRenderState: 0
  m_MinimumChartSize: 4
  m_AutoUVMaxDistance: 0.5
  m_AutoUVMaxAngle: 89
  m_LightmapParameters: {fileID: 0}
  m_SortingLayerID: 0
  m_SortingLayer: 0
  m_SortingOrder: 2
  m_Sprite: {fileID: 21300012, guid: 802f3378dad170d46a21cf6a95e18f63, type: 3}
  m_Color: {r: 1, g: 1, b: 1, a: 1}
  m_FlipX: 0
  m_FlipY: 0
  m_DrawMode: 0
  m_Size: {x: 0.2, y: 0.2}
  m_AdaptiveModeThreshold: 0.5
  m_SpriteTileMode: 0
  m_WasSpriteAssigned: 1
  m_MaskInteraction: 0
--- !u!65 &2075508486
BoxCollider:
  m_ObjectHideFlags: 0
  m_PrefabParentObject: {fileID: 65100533270219360, guid: 1d0c5ce08378b954e82601be8332a533,
    type: 2}
  m_PrefabInternal: {fileID: 0}
  m_GameObject: {fileID: 2075508483}
  m_Material: {fileID: 0}
  m_IsTrigger: 0
  m_Enabled: 1
  serializedVersion: 2
  m_Size: {x: 0.2, y: 0.2, z: 1}
  m_Center: {x: 0, y: 0, z: 0}
--- !u!114 &2075508487
MonoBehaviour:
  m_ObjectHideFlags: 0
  m_PrefabParentObject: {fileID: 114332586950477620, guid: 1d0c5ce08378b954e82601be8332a533,
    type: 2}
  m_PrefabInternal: {fileID: 0}
  m_GameObject: {fileID: 2075508483}
  m_Enabled: 1
  m_EditorHideFlags: 0
  m_Script: {fileID: 11500000, guid: 81dc59f6c0b97664fb9fbfbc79a4e02f, type: 3}
  m_Name: 
  m_EditorClassIdentifier: 
  _bird: {fileID: 0}
  ActiveBird: 0
